timestamp,Ticker,Action,Confidence,AI_Prob_Outperform_%,ThesisLiteScore,RS_1w_vs_SPY_%,RS_4w_vs_SPY_%,WeeklyVol_%,AvgVol_20d,LastPrice,JanScore,LaborExposure,EarningsDate,DaysToEarnings,EarningsRisk,SplitRisk,Why
2025-12-17 16:06:45,NOW,WATCH,Low,58.1,1.8,-9.28,-6.98,6.62,1755111,781.12,2,2.0,,,0,0,RS 4w vs SPY: -6.98% | RS 1w vs SPY: -9.28% | Trend: below MA20 ⚠️ | Volatility: 6.6% | Labor exposure: 2.0/10 | AI: 58.1% chance to beat SPY next week | ThesisLiteScore: 1.80/10
2025-12-17 16:10:53,NOW,WATCH,Low,58.1,1.8,-9.28,-6.98,6.62,1755111,781.12,2,2.0,,,0,0,RS 4w vs SPY: -6.98% | RS 1w vs SPY: -9.28% | Trend: below MA20 ⚠️ | Volatility: 6.6% | Labor exposure: 2.0/10 | AI: 58.1% chance to beat SPY next week | ThesisLiteScore: 1.80/10
2025-12-17 16:23:09,NOW,WATCH,Low,58.1,1.8,-9.28,-6.98,6.62,1755111,781.12,2,2.0,,0,RS 4w vs SPY: -6.98% | RS 1w vs SPY: -9.28% | Trend: below MA20 ⚠️ | Volatility: 6.6% | Labor exposure: 2.0/10 | AI: 58.1% chance to beat SPY next week | ThesisLiteScore: 1.80/10
2025-12-17 16:32:47,NOW,WATCH,Low,58.1,1.8,-9.28,-6.98,6.62,1755111,781.12,2,2.0,0,0,0,Regime: RISK-ON | NewsTone: n/a | RS 4w vs SPY: -6.98% | RS 1w vs SPY: -9.28% | Trend: below MA20 ⚠️ | Vol: 6.6% | Labor exposure: 2.0/10 | AI: 58.1% chance to beat SPY next week | Score: 1.80/10
2025-12-17 16:35:21,NOW,WATCH,Low,58.1,1.8,-9.28,-6.98,6.62,1755111,781.12,2,2.0,0,0,0,Regime: RISK-ON | NewsTone: n/a | RS 4w vs SPY: -6.98% | RS 1w vs SPY: -9.28% | Trend: below MA20 ⚠️ | Vol: 6.6% | Labor exposure: 2.0/10 | AI: 58.1% chance to beat SPY next week | Score: 1.80/10
2025-12-17 16:35:45,NOW,WATCH,Low,58.1,1.8,-9.28,-6.98,6.62,1755111,781.12,2,2.0,0,0,0,Regime: RISK-ON | NewsTone: n/a | RS 4w vs SPY: -6.98% | RS 1w vs SPY: -9.28% | Trend: below MA20 ⚠️ | Vol: 6.6% | Labor exposure: 2.0/10 | AI: 58.1% chance to beat SPY next week | Score: 1.80/10
2025-12-17 16:35:47,NOW,WATCH,Low,58.1,1.8,-9.28,-6.98,6.62,1755111,781.12,2,2.0,0,0,0,Regime: RISK-ON | NewsTone: n/a | RS 4w vs SPY: -6.98% | RS 1w vs SPY: -9.28% | Trend: below MA20 ⚠️ | Vol: 6.6% | Labor exposure: 2.0/10 | AI: 58.1% chance to beat SPY next week | Score: 1.80/10
2025-12-17 16:35:48,NOW,WATCH,Low,58.1,1.8,-9.28,-6.98,6.62,1755111,781.12,2,2.0,0,0,0,Regime: RISK-ON | NewsTone: n/a | RS 4w vs SPY: -6.98% | RS 1w vs SPY: -9.28% | Trend: below MA20 ⚠️ | Vol: 6.6% | Labor exposure: 2.0/10 | AI: 58.1% chance to beat SPY next week | Score: 1.80/10
2025-12-17 16:50:14,NOW,WATCH,Low,58.1,1.8,-9.28,-6.98,6.62,1755111,781.12,2,2.0,0,0,0,Regime: RISK-ON | NewsTone: n/a | RS 4w vs SPY: -6.98% | RS 1w vs SPY: -9.28% | Trend: below MA20 ⚠️ | Vol: 6.6% | Labor exposure: 2.0/10 | AI: 58.1% chance to beat SPY next week | Score: 1.80/10
2025-12-17 16:53:53,ADP,WATCH,Low,51.9,6.46,-1.05,0.56,2.32,2394253,262.17,-2,3.0,RS 4w vs SPY: +0.56% | RS 1w vs SPY: -1.05% | Trend: above MA20 ✅ | Volatility: 2.3% | Labor exposure: 3.0/10 | AI: 51.9% chance to beat SPY next week | ThesisLiteScore: 6.46/10
2025-12-17 16:53:53,DG,WATCH,Low,51.5,7.75,1.4,29.25,8.87,4709462,134.51,-2,6.0,RS 4w vs SPY: +29.25% | RS 1w vs SPY: +1.40% | Trend: above MA20 ✅ | Volatility: 8.9% | Labor exposure: 6.0/10 | AI: 51.5% chance to beat SPY next week | ThesisLiteScore: 7.75/10
2025-12-17 16:53:53,DHI,WATCH,Low,50.8,5.37,-0.43,2.72,6.09,3129891,155.12,0,9.0,RS 4w vs SPY: +2.72% | RS 1w vs SPY: -0.43% | Trend: above MA20 ✅ | Volatility: 6.1% | Labor exposure: 9.0/10 | AI: 50.8% chance to beat SPY next week | ThesisLiteScore: 5.37/10
2025-12-17 16:53:53,FDX,WATCH,Low,48.8,5.74,-0.24,1.83,2.78,1396829,282.46,-2,7.0,RS 4w vs SPY: +1.83% | RS 1w vs SPY: -0.24% | Trend: above MA20 ✅ | Volatility: 2.8% | Labor exposure: 7.0/10 | AI: 48.8% chance to beat SPY next week | ThesisLiteScore: 5.74/10
2025-12-17 16:53:53,HD,WATCH,Low,52.4,2.14,-1.51,-0.28,4.88,5427307,352.68,0,7.0,RS 4w vs SPY: -0.28% | RS 1w vs SPY: -1.51% | Trend: above MA20 ✅ | Volatility: 4.9% | Labor exposure: 7.0/10 | AI: 52.4% chance to beat SPY next week | ThesisLiteScore: 2.14/10
2025-12-17 16:53:53,LEN,WATCH,Low,49.8,2.76,0.05,-3.39,2.62,10117,2.64,0,8.0,RS 4w vs SPY: -3.39% | RS 1w vs SPY: +0.05% | Trend: below MA20 ⚠️ | Volatility: 2.6% | Labor exposure: 8.0/10 | AI: 49.8% chance to beat SPY next week | ThesisLiteScore: 2.76/10
2025-12-17 16:53:53,MCD,WATCH,Low,51.5,0.8,-2.53,-14.57,8.28,746,0.83,0,7.0,RS 4w vs SPY: -14.57% | RS 1w vs SPY: -2.53% | Trend: below MA20 ⚠️ | Volatility: 8.3% | Labor exposure: 7.0/10 | AI: 51.5% chance to beat SPY next week | ThesisLiteScore: 0.80/10
2025-12-17 16:53:53,NOW,WATCH,Low,58.1,1.8,-9.28,-6.98,6.62,1755111,781.12,2,2.0,RS 4w vs SPY: -6.98% | RS 1w vs SPY: -9.28% | Trend: below MA20 ⚠️ | Volatility: 6.6% | Labor exposure: 2.0/10 | AI: 58.1% chance to beat SPY next week | ThesisLiteScore: 1.80/10
2025-12-17 16:53:53,ROK,WATCH,Low,50.9,6.46,-0.59,2.89,3.04,995935,401.08,-2,3.0,RS 4w vs SPY: +2.89% | RS 1w vs SPY: -0.59% | Trend: above MA20 ✅ | Volatility: 3.0% | Labor exposure: 3.0/10 | AI: 50.9% chance to beat SPY next week | ThesisLiteScore: 6.46/10
2025-12-17 16:53:53,TER,WATCH,Low,52.2,6.37,-0.13,18.0,7.49,3225912,192.29,-2,3.0,RS 4w vs SPY: +18.00% | RS 1w vs SPY: -0.13% | Trend: above MA20 ✅ | Volatility: 7.5% | Labor exposure: 3.0/10 | AI: 52.2% chance to beat SPY next week | ThesisLiteScore: 6.37/10
2025-12-17 16:53:53,TJX,WATCH,Low,49.9,2.32,-0.25,-0.59,2.44,6201698,155.09,-1,6.0,RS 4w vs SPY: -0.59% | RS 1w vs SPY: -0.25% | Trend: above MA20 ✅ | Volatility: 2.4% | Labor exposure: 6.0/10 | AI: 49.9% chance to beat SPY next week | ThesisLiteScore: 2.32/10
2025-12-17 16:53:53,TSLA,WATCH,Low,50.3,8.1,7.75,22.94,5.13,73383178,492.56,0,5.0,RS 4w vs SPY: +22.94% | RS 1w vs SPY: +7.75% | Trend: above MA20 ✅ | Volatility: 5.1% | Labor exposure: 5.0/10 | AI: 50.3% chance to beat SPY next week | ThesisLiteScore: 8.10/10
2025-12-17 16:53:53,WMT,WATCH,Low,51.4,5.92,-0.67,6.58,4.26,23975231,115.42,0,6.0,RS 4w vs SPY: +6.58% | RS 1w vs SPY: -0.67% | Trend: above MA20 ✅ | Volatility: 4.3% | Labor exposure: 6.0/10 | AI: 51.4% chance to beat SPY next week | ThesisLiteScore: 5.92/10
2025-12-17 17:00:35,ADP,WATCH,Low,51.9,6.46,-1.05,0.56,2.32,2394253,262.17,-2,3.0,RS 4w vs SPY: +0.56% | RS 1w vs SPY: -1.05% | Trend: above MA20 ✅ | Volatility: 2.3% | Labor exposure: 3.0/10 | AI: 51.9% chance to beat SPY next week | ThesisLiteScore: 6.46/10
2025-12-17 17:00:35,DG,WATCH,Low,51.5,7.75,1.4,29.25,8.87,4709462,134.51,-2,6.0,RS 4w vs SPY: +29.25% | RS 1w vs SPY: +1.40% | Trend: above MA20 ✅ | Volatility: 8.9% | Labor exposure: 6.0/10 | AI: 51.5% chance to beat SPY next week | ThesisLiteScore: 7.75/10
2025-12-17 17:00:35,DHI,WATCH,Low,50.8,5.37,-0.43,2.72,6.09,3129891,155.12,0,9.0,RS 4w vs SPY: +2.72% | RS 1w vs SPY: -0.43% | Trend: above MA20 ✅ | Volatility: 6.1% | Labor exposure: 9.0/10 | AI: 50.8% chance to beat SPY next week | ThesisLiteScore: 5.37/10
2025-12-17 17:00:35,FDX,WATCH,Low,48.8,5.74,-0.24,1.83,2.78,1396829,282.46,-2,7.0,RS 4w vs SPY: +1.83% | RS 1w vs SPY: -0.24% | Trend: above MA20 ✅ | Volatility: 2.8% | Labor exposure: 7.0/10 | AI: 48.8% chance to beat SPY next week | ThesisLiteScore: 5.74/10
2025-12-17 17:00:35,HD,WATCH,Low,52.4,2.14,-1.51,-0.28,4.88,5427307,352.68,0,7.0,RS 4w vs SPY: -0.28% | RS 1w vs SPY: -1.51% | Trend: above MA20 ✅ | Volatility: 4.9% | Labor exposure: 7.0/10 | AI: 52.4% chance to beat SPY next week | ThesisLiteScore: 2.14/10
2025-12-17 17:00:35,LEN,WATCH,Low,49.8,2.76,0.05,-3.39,2.62,10117,2.64,0,8.0,RS 4w vs SPY: -3.39% | RS 1w vs SPY: +0.05% | Trend: below MA20 ⚠️ | Volatility: 2.6% | Labor exposure: 8.0/10 | AI: 49.8% chance to beat SPY next week | ThesisLiteScore: 2.76/10
2025-12-17 17:00:35,MCD,WATCH,Low,51.5,0.8,-2.53,-14.57,8.28,746,0.83,0,7.0,RS 4w vs SPY: -14.57% | RS 1w vs SPY: -2.53% | Trend: below MA20 ⚠️ | Volatility: 8.3% | Labor exposure: 7.0/10 | AI: 51.5% chance to beat SPY next week | ThesisLiteScore: 0.80/10
2025-12-17 17:00:35,NOW,WATCH,Low,58.1,1.8,-9.28,-6.98,6.62,1755111,781.12,2,2.0,RS 4w vs SPY: -6.98% | RS 1w vs SPY: -9.28% | Trend: below MA20 ⚠️ | Volatility: 6.6% | Labor exposure: 2.0/10 | AI: 58.1% chance to beat SPY next week | ThesisLiteScore: 1.80/10
2025-12-17 17:00:35,ROK,WATCH,Low,50.9,6.46,-0.59,2.89,3.04,995935,401.08,-2,3.0,RS 4w vs SPY: +2.89% | RS 1w vs SPY: -0.59% | Trend: above MA20 ✅ | Volatility: 3.0% | Labor exposure: 3.0/10 | AI: 50.9% chance to beat SPY next week | ThesisLiteScore: 6.46/10
2025-12-17 17:00:35,TER,WATCH,Low,52.2,6.37,-0.13,18.0,7.49,3225912,192.29,-2,3.0,RS 4w vs SPY: +18.00% | RS 1w vs SPY: -0.13% | Trend: above MA20 ✅ | Volatility: 7.5% | Labor exposure: 3.0/10 | AI: 52.2% chance to beat SPY next week | ThesisLiteScore: 6.37/10
2025-12-17 17:00:35,TJX,WATCH,Low,49.9,2.32,-0.25,-0.59,2.44,6201698,155.09,-1,6.0,RS 4w vs SPY: -0.59% | RS 1w vs SPY: -0.25% | Trend: above MA20 ✅ | Volatility: 2.4% | Labor exposure: 6.0/10 | AI: 49.9% chance to beat SPY next week | ThesisLiteScore: 2.32/10
2025-12-17 17:00:35,TSLA,WATCH,Low,50.3,8.1,7.75,22.94,5.13,73383178,492.56,0,5.0,RS 4w vs SPY: +22.94% | RS 1w vs SPY: +7.75% | Trend: above MA20 ✅ | Volatility: 5.1% | Labor exposure: 5.0/10 | AI: 50.3% chance to beat SPY next week | ThesisLiteScore: 8.10/10
2025-12-17 17:00:35,WMT,WATCH,Low,51.4,5.92,-0.67,6.58,4.26,23975231,115.42,0,6.0,RS 4w vs SPY: +6.58% | RS 1w vs SPY: -0.67% | Trend: above MA20 ✅ | Volatility: 4.3% | Labor exposure: 6.0/10 | AI: 51.4% chance to beat SPY next week | ThesisLiteScore: 5.92/10
2025-12-17 17:06:50,ADP,WATCH,Low,52.0,6.46,-1.05,0.56,2.32,2394253,262.17,-2,3.0,RS 4w vs SPY: +0.56% | RS 1w vs SPY: -1.05% | Trend: above MA20 ✅ | Volatility: 2.3% | Labor exposure: 3.0/10 | AI: 52.0% chance to beat SPY next week | ThesisLiteScore: 6.46/10
2025-12-17 17:06:50,DG,WATCH,Low,50.9,7.75,1.4,29.25,8.87,4709462,134.51,-2,6.0,RS 4w vs SPY: +29.25% | RS 1w vs SPY: +1.40% | Trend: above MA20 ✅ | Volatility: 8.9% | Labor exposure: 6.0/10 | AI: 50.9% chance to beat SPY next week | ThesisLiteScore: 7.75/10
2025-12-17 17:06:50,DHI,WATCH,Low,50.0,5.37,-0.43,2.72,6.09,3129891,155.12,0,9.0,RS 4w vs SPY: +2.72% | RS 1w vs SPY: -0.43% | Trend: above MA20 ✅ | Volatility: 6.1% | Labor exposure: 9.0/10 | AI: 50.0% chance to beat SPY next week | ThesisLiteScore: 5.37/10
2025-12-17 17:06:50,FDX,WATCH,Low,48.4,5.74,-0.24,1.83,2.78,1396829,282.46,-2,7.0,RS 4w vs SPY: +1.83% | RS 1w vs SPY: -0.24% | Trend: above MA20 ✅ | Volatility: 2.8% | Labor exposure: 7.0/10 | AI: 48.4% chance to beat SPY next week | ThesisLiteScore: 5.74/10
2025-12-17 17:06:50,HD,WATCH,Low,52.3,2.14,-1.51,-0.28,4.88,5427307,352.68,0,7.0,RS 4w vs SPY: -0.28% | RS 1w vs SPY: -1.51% | Trend: above MA20 ✅ | Volatility: 4.9% | Labor exposure: 7.0/10 | AI: 52.3% chance to beat SPY next week | ThesisLiteScore: 2.14/10
2025-12-17 17:06:50,LEN,WATCH,Low,49.9,2.76,0.05,-3.39,2.62,10117,2.64,0,8.0,RS 4w vs SPY: -3.39% | RS 1w vs SPY: +0.05% | Trend: below MA20 ⚠️ | Volatility: 2.6% | Labor exposure: 8.0/10 | AI: 49.9% chance to beat SPY next week | ThesisLiteScore: 2.76/10
2025-12-17 17:06:50,MCD,WATCH,Low,51.8,0.8,-2.53,-14.57,8.28,746,0.83,0,7.0,RS 4w vs SPY: -14.57% | RS 1w vs SPY: -2.53% | Trend: below MA20 ⚠️ | Volatility: 8.3% | Labor exposure: 7.0/10 | AI: 51.8% chance to beat SPY next week | ThesisLiteScore: 0.80/10
2025-12-17 17:06:50,NOW,WATCH,Low,57.4,1.8,-9.28,-6.98,6.62,1755111,781.12,2,2.0,RS 4w vs SPY: -6.98% | RS 1w vs SPY: -9.28% | Trend: below MA20 ⚠️ | Volatility: 6.6% | Labor exposure: 2.0/10 | AI: 57.4% chance to beat SPY next week | ThesisLiteScore: 1.80/10
2025-12-17 17:06:50,ORCL,WATCH,Low,55.2,1.14,-4.81,-12.44,8.58,31879003,180.02,0,5.0,RS 4w vs SPY: -12.44% | RS 1w vs SPY: -4.81% | Trend: below MA20 ⚠️ | Volatility: 8.6% | Labor exposure: 5.0/10 | AI: 55.2% chance to beat SPY next week | ThesisLiteScore: 1.14/10
2025-12-17 17:06:50,ROK,WATCH,Low,50.3,6.46,-0.59,2.89,3.04,995935,401.08,-2,3.0,RS 4w vs SPY: +2.89% | RS 1w vs SPY: -0.59% | Trend: above MA20 ✅ | Volatility: 3.0% | Labor exposure: 3.0/10 | AI: 50.3% chance to beat SPY next week | ThesisLiteScore: 6.46/10
2025-12-17 17:06:50,TER,WATCH,Low,51.6,6.37,-0.13,18.0,7.49,3225912,192.29,-2,3.0,RS 4w vs SPY: +18.00% | RS 1w vs SPY: -0.13% | Trend: above MA20 ✅ | Volatility: 7.5% | Labor exposure: 3.0/10 | AI: 51.6% chance to beat SPY next week | ThesisLiteScore: 6.37/10
2025-12-17 17:06:50,TJX,WATCH,Low,49.3,2.32,-0.25,-0.59,2.44,6201698,155.09,-1,6.0,RS 4w vs SPY: -0.59% | RS 1w vs SPY: -0.25% | Trend: above MA20 ✅ | Volatility: 2.4% | Labor exposure: 6.0/10 | AI: 49.3% chance to beat SPY next week | ThesisLiteScore: 2.32/10
2025-12-17 17:06:50,TSLA,WATCH,Low,49.4,8.1,7.75,22.94,5.13,73383178,492.56,0,5.0,RS 4w vs SPY: +22.94% | RS 1w vs SPY: +7.75% | Trend: above MA20 ✅ | Volatility: 5.1% | Labor exposure: 5.0/10 | AI: 49.4% chance to beat SPY next week | ThesisLiteScore: 8.10/10
2025-12-17 17:06:50,WMT,WATCH,Low,50.6,5.92,-0.67,6.58,4.26,23975231,115.42,0,6.0,RS 4w vs SPY: +6.58% | RS 1w vs SPY: -0.67% | Trend: above MA20 ✅ | Volatility: 4.3% | Labor exposure: 6.0/10 | AI: 50.6% chance to beat SPY next week | ThesisLiteScore: 5.92/10
2025-12-17 17:21:59,A,WATCH,Low,49.8,1.3,-0.5,-11.51,3.84,2178562,138.39,0,5.0,,,RS 4w vs SPY: -11.51% | RS 1w vs SPY: -0.50% | Trend: below MA20 ⚠️ | Volatility: 3.8% | Labor exposure: 5.0/10 | AI: 49.8% chance to beat SPY next week | ThesisLiteScore: 1.30/10
2025-12-17 17:21:59,AAPL,WATCH,Low,49.7,1.3,-1.7,-2.69,2.13,40960260,272.37,0,5.0,,,RS 4w vs SPY: -2.69% | RS 1w vs SPY: -1.70% | Trend: below MA20 ⚠️ | Volatility: 2.1% | Labor exposure: 5.0/10 | AI: 49.7% chance to beat SPY next week | ThesisLiteScore: 1.30/10
2025-12-17 17:21:59,ABBV,WATCH,Low,49.2,3.3,1.58,-7.4,3.38,5426524,225.91,0,5.0,,,RS 4w vs SPY: -7.40% | RS 1w vs SPY: +1.58% | Trend: below MA20 ⚠️ | Volatility: 3.4% | Labor exposure: 5.0/10 | AI: 49.2% chance to beat SPY next week | ThesisLiteScore: 3.30/10
2025-12-17 17:21:59,ABNB,WATCH,Low,47.5,8.1,5.55,15.11,3.82,4881230,134.97,0,5.0,,,RS 4w vs SPY: +15.11% | RS 1w vs SPY: +5.55% | Trend: above MA20 ✅ | Volatility: 3.8% | Labor exposure: 5.0/10 | AI: 47.5% chance to beat SPY next week | ThesisLiteScore: 8.10/10
2025-12-17 17:21:59,ABT,WATCH,Low,49.1,4.5,1.42,-4.1,3.44,6499764,126.71,0,5.0,,,RS 4w vs SPY: -4.10% | RS 1w vs SPY: +1.42% | Trend: above MA20 ✅ | Volatility: 3.4% | Labor exposure: 5.0/10 | AI: 49.1% chance to beat SPY next week | ThesisLiteScore: 4.50/10
2025-12-17 17:21:59,ACGL,WATCH,Low,48.5,8.1,2.6,0.78,2.09,2062831,95.97,0,5.0,,,RS 4w vs SPY: +0.78% | RS 1w vs SPY: +2.60% | Trend: above MA20 ✅ | Volatility: 2.1% | Labor exposure: 5.0/10 | AI: 48.5% chance to beat SPY next week | ThesisLiteScore: 8.10/10
2025-12-17 17:21:59,ACN,WATCH,Low,48.4,8.1,2.06,6.58,4.27,3874034,276.0,0,5.0,,,RS 4w vs SPY: +6.58% | RS 1w vs SPY: +2.06% | Trend: above MA20 ✅ | Volatility: 4.3% | Labor exposure: 5.0/10 | AI: 48.4% chance to beat SPY next week | ThesisLiteScore: 8.10/10
2025-12-17 17:21:59,ADBE,WATCH,Low,49.1,6.1,-0.11,6.35,4.38,4509915,354.52,0,5.0,,,RS 4w vs SPY: +6.35% | RS 1w vs SPY: -0.11% | Trend: above MA20 ✅ | Volatility: 4.4% | Labor exposure: 5.0/10 | AI: 49.1% chance to beat SPY next week | ThesisLiteScore: 6.10/10
2025-12-17 17:21:59,ADI,WATCH,Low,48.9,6.1,-1.85,14.49,4.58,4232022,272.98,0,5.0,,,RS 4w vs SPY: +14.49% | RS 1w vs SPY: -1.85% | Trend: above MA20 ✅ | Volatility: 4.6% | Labor exposure: 5.0/10 | AI: 48.9% chance to beat SPY next week | ThesisLiteScore: 6.10/10
2025-12-17 17:21:59,ADM,WATCH,Low,49.8,1.3,-1.7,-2.83,3.88,2712288,58.73,0,5.0,,,RS 4w vs SPY: -2.83% | RS 1w vs SPY: -1.70% | Trend: below MA20 ⚠️ | Volatility: 3.9% | Labor exposure: 5.0/10 | AI: 49.8% chance to beat SPY next week | ThesisLiteScore: 1.30/10
2025-12-17 17:21:59,ADP,WATCH,Low,49.6,6.46,-1.05,0.56,2.32,2394253,262.17,-2,3.0,,,RS 4w vs SPY: +0.56% | RS 1w vs SPY: -1.05% | Trend: above MA20 ✅ | Volatility: 2.3% | Labor exposure: 3.0/10 | AI: 49.6% chance to beat SPY next week | ThesisLiteScore: 6.46/10
2025-12-17 17:21:59,ADSK,WATCH,Low,49.5,1.3,-0.43,-1.53,2.45,1707100,295.11,0,5.0,,,RS 4w vs SPY: -1.53% | RS 1w vs SPY: -0.43% | Trend: below MA20 ⚠️ | Volatility: 2.4% | Labor exposure: 5.0/10 | AI: 49.5% chance to beat SPY next week | ThesisLiteScore: 1.30/10
2025-12-17 17:21:59,AEE,WATCH,Low,49.2,3.3,1.86,-8.62,2.48,1742495,98.67,0,5.0,,,RS 4w vs SPY: -8.62% | RS 1w vs SPY: +1.86% | Trend: below MA20 ⚠️ | Volatility: 2.5% | Labor exposure: 5.0/10 | AI: 49.2% chance to beat SPY next week | ThesisLiteScore: 3.30/10
2025-12-17 17:21:59,AEP,WATCH,Low,49.4,3.3,1.02,-8.0,2.31,3147116,114.81,0,5.0,,,RS 4w vs SPY: -8.00% | RS 1w vs SPY: +1.02% | Trend: below MA20 ⚠️ | Volatility: 2.3% | Labor exposure: 5.0/10 | AI: 49.4% chance to beat SPY next week | ThesisLiteScore: 3.30/10
2025-12-17 17:21:59,AES,WATCH,Low,49.8,1.3,-1.46,-4.32,2.54,6751402,13.57,0,5.0,,,RS 4w vs SPY: -4.32% | RS 1w vs SPY: -1.46% | Trend: below MA20 ⚠️ | Volatility: 2.5% | Labor exposure: 5.0/10 | AI: 49.8% chance to beat SPY next week | ThesisLiteScore: 1.30/10
2025-12-17 17:21:59,AFL,WATCH,Low,49.2,4.5,0.55,-3.72,2.29,2442742,110.19,0,5.0,,,RS 4w vs SPY: -3.72% | RS 1w vs SPY: +0.55% | Trend: above MA20 ✅ | Volatility: 2.3% | Labor exposure: 5.0/10 | AI: 49.2% chance to beat SPY next week | ThesisLiteScore: 4.50/10
2025-12-17 17:21:59,AIG,WATCH,Low,48.7,8.1,0.78,9.15,3.91,4962554,85.2,0,5.0,,,RS 4w vs SPY: +9.15% | RS 1w vs SPY: +0.78% | Trend: above MA20 ✅ | Volatility: 3.9% | Labor exposure: 5.0/10 | AI: 48.7% chance to beat SPY next week | ThesisLiteScore: 8.10/10
2025-12-17 17:21:59,AIZ,WATCH,Low,48.4,8.1,3.18,0.87,2.11,287112,235.62,0,5.0,,,RS 4w vs SPY: +0.87% | RS 1w vs SPY: +3.18% | Trend: above MA20 ✅ | Volatility: 2.1% | Labor exposure: 5.0/10 | AI: 48.4% chance to beat SPY next week | ThesisLiteScore: 8.10/10
2025-12-17 17:21:59,AJG,WATCH,Low,49.5,2.5,-0.37,-2.24,3.64,1574340,253.35,0,5.0,,,RS 4w vs SPY: -2.24% | RS 1w vs SPY: -0.37% | Trend: above MA20 ✅ | Volatility: 3.6% | Labor exposure: 5.0/10 | AI: 49.5% chance to beat SPY next week | ThesisLiteScore: 2.50/10
2025-12-17 17:21:59,AKAM,WATCH,Low,48.3,4.5,3.73,-3.34,3.6,3471521,88.72,0,5.0,,,RS 4w vs SPY: -3.34% | RS 1w vs SPY: +3.73% | Trend: above MA20 ✅ | Volatility: 3.6% | Labor exposure: 5.0/10 | AI: 48.3% chance to beat SPY next week | ThesisLiteScore: 4.50/10
2025-12-17 17:21:59,ALB,WATCH,Low,47.7,7.99,3.09,13.65,7.77,3184338,136.28,0,5.0,,,RS 4w vs SPY: +13.65% | RS 1w vs SPY: +3.09% | Trend: above MA20 ✅ | Volatility: 7.8% | Labor exposure: 5.0/10 | AI: 47.7% chance to beat SPY next week | ThesisLiteScore: 7.99/10
2025-12-17 17:21:59,ALGN,WATCH,Low,49.2,6.1,-2.28,9.9,4.54,1620027,160.96,0,5.0,,,RS 4w vs SPY: +9.90% | RS 1w vs SPY: -2.28% | Trend: above MA20 ✅ | Volatility: 4.5% | Labor exposure: 5.0/10 | AI: 49.2% chance to beat SPY next week | ThesisLiteScore: 6.10/10
2025-12-17 17:21:59,ALL,WATCH,Low,48.9,6.1,-0.28,10.19,5.0,13959,16.98,0,5.0,,,RS 4w vs SPY: +10.19% | RS 1w vs SPY: -0.28% | Trend: above MA20 ✅ | Volatility: 5.0% | Labor exposure: 5.0/10 | AI: 48.9% chance to beat SPY next week | ThesisLiteScore: 6.10/10
2025-12-17 17:21:59,ALLE,WATCH,Low,49.5,1.3,-0.04,-4.72,3.24,835230,160.09,0,5.0,,,RS 4w vs SPY: -4.72% | RS 1w vs SPY: -0.04% | Trend: below MA20 ⚠️ | Volatility: 3.2% | Labor exposure: 5.0/10 | AI: 49.5% chance to beat SPY next week | ThesisLiteScore: 1.30/10
2025-12-17 17:21:59,AMAT,WATCH,Low,49.5,4.87,-2.92,8.84,6.53,6717122,250.54,0,5.0,,,RS 4w vs SPY: +8.84% | RS 1w vs SPY: -2.92% | Trend: below MA20 ⚠️ | Volatility: 6.5% | Labor exposure: 5.0/10 | AI: 49.5% chance to beat SPY next week | ThesisLiteScore: 4.87/10
2025-12-17 17:21:59,AMCR,WATCH,Low,49.1,3.3,1.58,-5.07,2.41,19917275,8.32,0,5.0,,,RS 4w vs SPY: -5.07% | RS 1w vs SPY: +1.58% | Trend: below MA20 ⚠️ | Volatility: 2.4% | Labor exposure: 5.0/10 | AI: 49.1% chance to beat SPY next week | ThesisLiteScore: 3.30/10
2025-12-17 17:21:59,AMD,WATCH,Low,50.7,1.25,-4.38,-4.54,6.91,36617242,200.66,0,5.0,,,RS 4w vs SPY: -4.54% | RS 1w vs SPY: -4.38% | Trend: below MA20 ⚠️ | Volatility: 6.9% | Labor exposure: 5.0/10 | AI: 50.7% chance to beat SPY next week | ThesisLiteScore: 1.25/10
2025-12-17 17:21:59,AME,WATCH,Low,49.3,3.3,0.04,-0.65,4.51,7753,2.6,0,5.0,,,RS 4w vs SPY: -0.65% | RS 1w vs SPY: +0.04% | Trend: below MA20 ⚠️ | Volatility: 4.5% | Labor exposure: 5.0/10 | AI: 49.3% chance to beat SPY next week | ThesisLiteScore: 3.30/10
2025-12-17 17:21:59,AMGN,WATCH,Low,48.5,3.3,4.1,-5.42,3.62,2751992,329.42,0,5.0,,,RS 4w vs SPY: -5.42% | RS 1w vs SPY: +4.10% | Trend: below MA20 ⚠️ | Volatility: 3.6% | Labor exposure: 5.0/10 | AI: 48.5% chance to beat SPY next week | ThesisLiteScore: 3.30/10
2025-12-17 17:21:59,AMP,WATCH,Low,49.1,6.1,-0.51,6.25,2.97,580595,489.0,0,5.0,,,RS 4w vs SPY: +6.25% | RS 1w vs SPY: -0.51% | Trend: above MA20 ✅ | Volatility: 3.0% | Labor exposure: 5.0/10 | AI: 49.1% chance to beat SPY next week | ThesisLiteScore: 6.10/10
2025-12-17 17:21:59,AMT,WATCH,Low,49.4,2.5,-0.12,-2.92,2.47,3170886,179.72,0,5.0,,,RS 4w vs SPY: -2.92% | RS 1w vs SPY: -0.12% | Trend: above MA20 ✅ | Volatility: 2.5% | Labor exposure: 5.0/10 | AI: 49.4% chance to beat SPY next week | ThesisLiteScore: 2.50/10
2025-12-17 17:21:59,AMZN,WATCH,Low,49.6,1.3,-0.8,-1.77,3.01,39590680,223.43,0,5.0,,,RS 4w vs SPY: -1.77% | RS 1w vs SPY: -0.80% | Trend: below MA20 ⚠️ | Volatility: 3.0% | Labor exposure: 5.0/10 | AI: 49.6% chance to beat SPY next week | ThesisLiteScore: 1.30/10
2025-12-17 17:21:59,ANET,WATCH,Low,49.8,4.9,-1.27,1.43,5.73,7059035,122.64,0,5.0,,,RS 4w vs SPY: +1.43% | RS 1w vs SPY: -1.27% | Trend: below MA20 ⚠️ | Volatility: 5.7% | Labor exposure: 5.0/10 | AI: 49.8% chance to beat SPY next week | ThesisLiteScore: 4.90/10
2025-12-17 17:21:59,AON,WATCH,Low,49.2,4.5,0.28,-1.05,2.46,990638,353.29,0,5.0,,,RS 4w vs SPY: -1.05% | RS 1w vs SPY: +0.28% | Trend: above MA20 ✅ | Volatility: 2.5% | Labor exposure: 5.0/10 | AI: 49.2% chance to beat SPY next week | ThesisLiteScore: 4.50/10
2025-12-17 17:21:59,AOS,WATCH,Low,49.3,6.1,-0.59,1.47,2.88,1373758,68.02,0,5.0,,,RS 4w vs SPY: +1.47% | RS 1w vs SPY: -0.59% | Trend: above MA20 ✅ | Volatility: 2.9% | Labor exposure: 5.0/10 | AI: 49.3% chance to beat SPY next week | ThesisLiteScore: 6.10/10
2025-12-17 17:21:59,APA,WATCH,Low,49.6,3.3,0.42,-7.73,5.99,323,1.01,0,5.0,,,RS 4w vs SPY: -7.73% | RS 1w vs SPY: +0.42% | Trend: below MA20 ⚠️ | Volatility: 6.0% | Labor exposure: 5.0/10 | AI: 49.6% chance to beat SPY next week | ThesisLiteScore: 3.30/10
2025-12-17 17:21:59,APD,WATCH,Low,49.3,3.3,1.48,-7.6,5.78,1780832,245.57,0,5.0,,,RS 4w vs SPY: -7.60% | RS 1w vs SPY: +1.48% | Trend: below MA20 ⚠️ | Volatility: 5.8% | Labor exposure: 5.0/10 | AI: 49.3% chance to beat SPY next week | ThesisLiteScore: 3.30/10
2025-12-17 17:21:59,APH,WATCH,Low,50.0,1.3,-2.07,-7.25,5.7,7758512,126.02,0,5.0,,,RS 4w vs SPY: -7.25% | RS 1w vs SPY: -2.07% | Trend: below MA20 ⚠️ | Volatility: 5.7% | Labor exposure: 5.0/10 | AI: 50.0% chance to beat SPY next week | ThesisLiteScore: 1.30/10
2025-12-17 17:21:59,APO,WATCH,Low,48.6,8.1,0.36,10.78,3.46,3056451,147.95,0,5.0,,,RS 4w vs SPY: +10.78% | RS 1w vs SPY: +0.36% | Trend: above MA20 ✅ | Volatility: 3.5% | Labor exposure: 5.0/10 | AI: 48.6% chance to beat SPY next week | ThesisLiteScore: 8.10/10
2025-12-17 17:21:59,APTV,WATCH,Low,50.0,1.3,-2.65,-0.0,4.9,2100227,76.36,0,5.0,,,RS 4w vs SPY: -0.00% | RS 1w vs SPY: -2.65% | Trend: below MA20 ⚠️ | Volatility: 4.9% | Labor exposure: 5.0/10 | AI: 50.0% chance to beat SPY next week | ThesisLiteScore: 1.30/10
2025-12-17 17:21:59,ARE,WATCH,Low,49.7,3.25,2.01,-9.91,6.9,3064301,47.38,0,5.0,,,RS 4w vs SPY: -9.91% | RS 1w vs SPY: +2.01% | Trend: below MA20 ⚠️ | Volatility: 6.9% | Labor exposure: 5.0/10 | AI: 49.7% chance to beat SPY next week | ThesisLiteScore: 3.25/10
2025-12-17 17:21:59,ATO,WATCH,Low,62.1,2.02,-34.34,-12.86,13.95,8273,0.18,0,5.0,,,RS 4w vs SPY: -12.86% | RS 1w vs SPY: -34.34% | Trend: above MA20 ✅ | Volatility: 14.0% | Labor exposure: 5.0/10 | AI: 62.1% chance to beat SPY next week | ThesisLiteScore: 2.02/10
2025-12-17 17:21:59,AVB,WATCH,Low,48.8,4.5,2.19,-3.37,1.96,1052396,180.03,0,5.0,,,RS 4w vs SPY: -3.37% | RS 1w vs SPY: +2.19% | Trend: above MA20 ✅ | Volatility: 2.0% | Labor exposure: 5.0/10 | AI: 48.8% chance to beat SPY next week | ThesisLiteScore: 4.50/10
2025-12-17 17:21:59,AVGO,WATCH,Low,51.6,1.05,-9.43,-7.63,10.12,34277831,324.48,0,5.0,,,RS 4w vs SPY: -7.63% | RS 1w vs SPY: -9.43% | Trend: below MA20 ⚠️ | Volatility: 10.1% | Labor exposure: 5.0/10 | AI: 51.6% chance to beat SPY next week | ThesisLiteScore: 1.05/10
2025-12-17 17:21:59,AVY,WATCH,Low,48.8,8.1,1.04,4.78,3.35,753343,183.73,0,5.0,,,RS 4w vs SPY: +4.78% | RS 1w vs SPY: +1.04% | Trend: above MA20 ✅ | Volatility: 3.4% | Labor exposure: 5.0/10 | AI: 48.8% chance to beat SPY next week | ThesisLiteScore: 8.10/10
2025-12-17 17:21:59,AWK,WATCH,Low,48.9,4.5,2.1,-2.25,2.88,2301614,133.75,0,5.0,,,RS 4w vs SPY: -2.25% | RS 1w vs SPY: +2.10% | Trend: above MA20 ✅ | Volatility: 2.9% | Labor exposure: 5.0/10 | AI: 48.9% chance to beat SPY next week | ThesisLiteScore: 4.50/10
2025-12-17 17:21:59,AXON,WATCH,Low,49.6,6.1,-0.94,3.61,3.58,762637,556.56,0,5.0,,,RS 4w vs SPY: +3.61% | RS 1w vs SPY: -0.94% | Trend: above MA20 ✅ | Volatility: 3.6% | Labor exposure: 5.0/10 | AI: 49.6% chance to beat SPY next week | ThesisLiteScore: 6.10/10
2025-12-17 17:21:59,AXP,WATCH,Low,49.2,6.1,-0.8,4.07,3.11,2301007,377.87,0,5.0,,,RS 4w vs SPY: +4.07% | RS 1w vs SPY: -0.80% | Trend: above MA20 ✅ | Volatility: 3.1% | Labor exposure: 5.0/10 | AI: 49.2% chance to beat SPY next week | ThesisLiteScore: 6.10/10
2025-12-17 17:21:59,AZO,WATCH,Low,50.0,1.3,-0.31,-15.26,4.63,151896,3420.43,0,5.0,,,RS 4w vs SPY: -15.26% | RS 1w vs SPY: -0.31% | Trend: below MA20 ⚠️ | Volatility: 4.6% | Labor exposure: 5.0/10 | AI: 50.0% chance to beat SPY next week | ThesisLiteScore: 1.30/10
2025-12-17 17:21:59,BA,WATCH,Low,48.3,8.09,2.59,13.19,6.23,9484407,208.81,0,5.0,,,RS 4w vs SPY: +13.19% | RS 1w vs SPY: +2.59% | Trend: above MA20 ✅ | Volatility: 6.2% | Labor exposure: 5.0/10 | AI: 48.3% chance to beat SPY next week | ThesisLiteScore: 8.09/10
2025-12-17 17:21:59,BAC,WATCH,Low,49.4,3.3,0.42,-3.33,3.85,7184,3.1,0,5.0,,,RS 4w vs SPY: -3.33% | RS 1w vs SPY: +0.42% | Trend: below MA20 ⚠️ | Volatility: 3.9% | Labor exposure: 5.0/10 | AI: 49.4% chance to beat SPY next week | ThesisLiteScore: 3.30/10
2025-12-17 17:21:59,BALL,WATCH,Low,48.5,8.1,2.79,1.49,3.95,2721343,52.12,0,5.0,,,RS 4w vs SPY: +1.49% | RS 1w vs SPY: +2.79% | Trend: above MA20 ✅ | Volatility: 4.0% | Labor exposure: 5.0/10 | AI: 48.5% chance to beat SPY next week | ThesisLiteScore: 8.10/10
2025-12-17 17:21:59,BAX,WATCH,Low,49.1,8.1,0.92,2.1,4.65,7990746,19.25,0,5.0,,,RS 4w vs SPY: +2.10% | RS 1w vs SPY: +0.92% | Trend: above MA20 ✅ | Volatility: 4.7% | Labor exposure: 5.0/10 | AI: 49.1% chance to beat SPY next week | ThesisLiteScore: 8.10/10
2025-12-17 17:21:59,BBY,WATCH,Low,49.9,1.3,-0.9,-8.19,4.59,4763064,72.49,0,5.0,,,RS 4w vs SPY: -8.19% | RS 1w vs SPY: -0.90% | Trend: below MA20 ⚠️ | Volatility: 4.6% | Labor exposure: 5.0/10 | AI: 49.9% chance to beat SPY next week | ThesisLiteScore: 1.30/10
2025-12-17 17:21:59,BDX,WATCH,Low,49.0,6.1,-0.46,6.18,5.34,54955,627.0,0,5.0,,,RS 4w vs SPY: +6.18% | RS 1w vs SPY: -0.46% | Trend: above MA20 ✅ | Volatility: 5.3% | Labor exposure: 5.0/10 | AI: 49.0% chance to beat SPY next week | ThesisLiteScore: 6.10/10
2025-12-17 17:21:59,BEN,WATCH,Low,48.6,8.1,1.62,6.58,2.43,3662330,23.76,0,5.0,,,RS 4w vs SPY: +6.58% | RS 1w vs SPY: +1.62% | Trend: above MA20 ✅ | Volatility: 2.4% | Labor exposure: 5.0/10 | AI: 48.6% chance to beat SPY next week | ThesisLiteScore: 8.10/10
2025-12-17 17:21:59,BF-B,WATCH,Low,50.7,1.3,-6.26,-2.11,4.41,4943578,28.7,0,5.0,,,RS 4w vs SPY: -2.11% | RS 1w vs SPY: -6.26% | Trend: below MA20 ⚠️ | Volatility: 4.4% | Labor exposure: 5.0/10 | AI: 50.7% chance to beat SPY next week | ThesisLiteScore: 1.30/10
2025-12-17 17:21:59,BG,WATCH,Low,49.3,3.3,0.52,-4.76,3.06,1259500,92.93,0,5.0,,,RS 4w vs SPY: -4.76% | RS 1w vs SPY: +0.52% | Trend: below MA20 ⚠️ | Volatility: 3.1% | Labor exposure: 5.0/10 | AI: 49.3% chance to beat SPY next week | ThesisLiteScore: 3.30/10
2025-12-17 17:21:59,BIIB,WATCH,Low,49.2,1.3,-0.14,-4.26,3.95,1881595,173.12,0,5.0,,,RS 4w vs SPY: -4.26% | RS 1w vs SPY: -0.14% | Trend: below MA20 ⚠️ | Volatility: 4.0% | Labor exposure: 5.0/10 | AI: 49.2% chance to beat SPY next week | ThesisLiteScore: 1.30/10
2025-12-17 17:21:59,BK,WATCH,Low,49.5,6.1,-2.26,4.0,2.42,3336374,113.89,0,5.0,,,RS 4w vs SPY: +4.00% | RS 1w vs SPY: -2.26% | Trend: above MA20 ✅ | Volatility: 2.4% | Labor exposure: 5.0/10 | AI: 49.5% chance to beat SPY next week | ThesisLiteScore: 6.10/10
2025-12-17 17:21:59,BKNG,WATCH,Low,48.5,8.1,1.99,9.92,4.45,294662,5384.56,0,5.0,,,RS 4w vs SPY: +9.92% | RS 1w vs SPY: +1.99% | Trend: above MA20 ✅ | Volatility: 4.5% | Labor exposure: 5.0/10 | AI: 48.5% chance to beat SPY next week | ThesisLiteScore: 8.10/10
2025-12-17 17:21:59,BKR,WATCH,Low,50.4,1.3,-3.55,-10.95,3.72,6772074,45.0,0,5.0,,,RS 4w vs SPY: -10.95% | RS 1w vs SPY: -3.55% | Trend: below MA20 ⚠️ | Volatility: 3.7% | Labor exposure: 5.0/10 | AI: 50.4% chance to beat SPY next week | ThesisLiteScore: 1.30/10
2025-12-17 17:21:59,BLDR,WATCH,Low,50.6,1.23,-4.67,-1.7,7.23,1997024,102.95,0,5.0,,,RS 4w vs SPY: -1.70% | RS 1w vs SPY: -4.67% | Trend: below MA20 ⚠️ | Volatility: 7.2% | Labor exposure: 5.0/10 | AI: 50.6% chance to beat SPY next week | ThesisLiteScore: 1.23/10
2025-12-17 17:21:59,BLK,WATCH,Low,49.4,6.1,-0.88,2.92,3.14,645997,1074.92,0,5.0,,,RS 4w vs SPY: +2.92% | RS 1w vs SPY: -0.88% | Trend: above MA20 ✅ | Volatility: 3.1% | Labor exposure: 5.0/10 | AI: 49.4% chance to beat SPY next week | ThesisLiteScore: 6.10/10
2025-12-17 17:21:59,BMY,WATCH,Low,47.7,8.1,4.06,14.43,4.55,15081313,54.31,0,5.0,,,RS 4w vs SPY: +14.43% | RS 1w vs SPY: +4.06% | Trend: above MA20 ✅ | Volatility: 4.5% | Labor exposure: 5.0/10 | AI: 47.7% chance to beat SPY next week | ThesisLiteScore: 8.10/10
2025-12-17 17:21:59,BR,WATCH,Low,49.1,4.5,0.53,-2.17,2.1,668480,230.31,0,5.0,,,RS 4w vs SPY: -2.17% | RS 1w vs SPY: +0.53% | Trend: above MA20 ✅ | Volatility: 2.1% | Labor exposure: 5.0/10 | AI: 49.1% chance to beat SPY next week | ThesisLiteScore: 4.50/10
2025-12-17 17:21:59,BRK-B,WATCH,Low,49.1,3.3,1.1,-3.24,1.81,4647722,502.88,0,5.0,,,RS 4w vs SPY: -3.24% | RS 1w vs SPY: +1.10% | Trend: below MA20 ⚠️ | Volatility: 1.8% | Labor exposure: 5.0/10 | AI: 49.1% chance to beat SPY next week | ThesisLiteScore: 3.30/10
2025-12-17 17:21:59,BRO,WATCH,Low,46.6,4.35,11.54,-3.01,8.45,3257,0.1,0,5.0,,,RS 4w vs SPY: -3.01% | RS 1w vs SPY: +11.54% | Trend: above MA20 ✅ | Volatility: 8.5% | Labor exposure: 5.0/10 | AI: 46.6% chance to beat SPY next week | ThesisLiteScore: 4.35/10
2025-12-17 17:21:59,BSX,WATCH,Low,48.9,3.3,3.08,-4.91,3.52,10067459,95.04,0,5.0,,,RS 4w vs SPY: -4.91% | RS 1w vs SPY: +3.08% | Trend: below MA20 ⚠️ | Volatility: 3.5% | Labor exposure: 5.0/10 | AI: 48.9% chance to beat SPY next week | ThesisLiteScore: 3.30/10
2025-12-17 17:21:59,BX,WATCH,Low,48.8,8.1,1.56,4.16,3.2,3832966,152.91,0,5.0,,,RS 4w vs SPY: +4.16% | RS 1w vs SPY: +1.56% | Trend: above MA20 ✅ | Volatility: 3.2% | Labor exposure: 5.0/10 | AI: 48.8% chance to beat SPY next week | ThesisLiteScore: 8.10/10
2025-12-17 17:21:59,BXP,WATCH,Low,49.9,1.3,-1.94,-3.46,2.82,1185850,69.72,0,5.0,,,RS 4w vs SPY: -3.46% | RS 1w vs SPY: -1.94% | Trend: below MA20 ⚠️ | Volatility: 2.8% | Labor exposure: 5.0/10 | AI: 49.9% chance to beat SPY next week | ThesisLiteScore: 1.30/10
2025-12-17 17:21:59,C,WATCH,Low,48.7,8.1,0.39,10.22,2.64,11547708,111.76,0,5.0,,,RS 4w vs SPY: +10.22% | RS 1w vs SPY: +0.39% | Trend: above MA20 ✅ | Volatility: 2.6% | Labor exposure: 5.0/10 | AI: 48.7% chance to beat SPY next week | ThesisLiteScore: 8.10/10
2025-12-17 17:21:59,CAG,WATCH,Low,48.9,4.5,1.69,-1.86,2.67,9018438,17.98,0,5.0,,,RS 4w vs SPY: -1.86% | RS 1w vs SPY: +1.69% | Trend: above MA20 ✅ | Volatility: 2.7% | Labor exposure: 5.0/10 | AI: 48.9% chance to beat SPY next week | ThesisLiteScore: 4.50/10
2025-12-17 17:21:59,CAH,WATCH,Low,49.3,3.3,0.14,-8.67,2.12,2304449,197.62,0,5.0,,,RS 4w vs SPY: -8.67% | RS 1w vs SPY: +0.14% | Trend: below MA20 ⚠️ | Volatility: 2.1% | Labor exposure: 5.0/10 | AI: 49.3% chance to beat SPY next week | ThesisLiteScore: 3.30/10
2025-12-17 17:21:59,CARR,WATCH,Low,49.7,1.3,-0.85,-3.29,4.25,8488552,52.27,0,5.0,,,RS 4w vs SPY: -3.29% | RS 1w vs SPY: -0.85% | Trend: below MA20 ⚠️ | Volatility: 4.3% | Labor exposure: 5.0/10 | AI: 49.7% chance to beat SPY next week | ThesisLiteScore: 1.30/10
2025-12-17 17:21:59,CAT,WATCH,Low,50.5,1.3,-5.81,-1.16,4.68,2569474,560.61,0,5.0,,,RS 4w vs SPY: -1.16% | RS 1w vs SPY: -5.81% | Trend: below MA20 ⚠️ | Volatility: 4.7% | Labor exposure: 5.0/10 | AI: 50.5% chance to beat SPY next week | ThesisLiteScore: 1.30/10
2025-12-17 17:21:59,CB,WATCH,Low,48.7,8.1,1.63,1.65,2.32,1826366,312.18,0,5.0,,,RS 4w vs SPY: +1.65% | RS 1w vs SPY: +1.63% | Trend: above MA20 ✅ | Volatility: 2.3% | Labor exposure: 5.0/10 | AI: 48.7% chance to beat SPY next week | ThesisLiteScore: 8.10/10
2025-12-17 17:21:59,CBOE,WATCH,Low,49.3,3.3,0.19,-3.07,2.37,701235,252.44,0,5.0,,,RS 4w vs SPY: -3.07% | RS 1w vs SPY: +0.19% | Trend: below MA20 ⚠️ | Volatility: 2.4% | Labor exposure: 5.0/10 | AI: 49.3% chance to beat SPY next week | ThesisLiteScore: 3.30/10
2025-12-17 17:21:59,CBRE,WATCH,Low,49.0,4.5,0.91,-0.73,3.41,1399277,160.36,0,5.0,,,RS 4w vs SPY: -0.73% | RS 1w vs SPY: +0.91% | Trend: above MA20 ✅ | Volatility: 3.4% | Labor exposure: 5.0/10 | AI: 49.0% chance to beat SPY next week | ThesisLiteScore: 4.50/10
2025-12-17 17:21:59,CCI,WATCH,Low,49.9,1.3,-1.91,-4.31,2.7,2671117,88.84,0,5.0,,,RS 4w vs SPY: -4.31% | RS 1w vs SPY: -1.91% | Trend: below MA20 ⚠️ | Volatility: 2.7% | Labor exposure: 5.0/10 | AI: 49.9% chance to beat SPY next week | ThesisLiteScore: 1.30/10
2025-12-17 17:21:59,CCL,WATCH,Low,48.6,8.07,2.8,3.45,6.46,19680644,28.27,0,5.0,,,RS 4w vs SPY: +3.45% | RS 1w vs SPY: +2.80% | Trend: above MA20 ✅ | Volatility: 6.5% | Labor exposure: 5.0/10 | AI: 48.6% chance to beat SPY next week | ThesisLiteScore: 8.07/10
2025-12-17 17:21:59,CDNS,WATCH,Low,49.9,4.9,-2.73,1.13,4.32,1546748,313.04,0,5.0,,,RS 4w vs SPY: +1.13% | RS 1w vs SPY: -2.73% | Trend: below MA20 ⚠️ | Volatility: 4.3% | Labor exposure: 5.0/10 | AI: 49.9% chance to beat SPY next week | ThesisLiteScore: 4.90/10
2025-12-17 17:21:59,CDW,WATCH,Low,49.6,1.3,-1.0,-1.11,2.99,1258800,142.87,0,5.0,,,RS 4w vs SPY: -1.11% | RS 1w vs SPY: -1.00% | Trend: below MA20 ⚠️ | Volatility: 3.0% | Labor exposure: 5.0/10 | AI: 49.6% chance to beat SPY next week | ThesisLiteScore: 1.30/10
2025-12-17 17:21:59,CEG,WATCH,Low,50.1,1.21,-2.58,-2.04,7.45,2246439,341.39,0,5.0,,,RS 4w vs SPY: -2.04% | RS 1w vs SPY: -2.58% | Trend: below MA20 ⚠️ | Volatility: 7.4% | Labor exposure: 5.0/10 | AI: 50.1% chance to beat SPY next week | ThesisLiteScore: 1.21/10
2025-12-17 17:21:59,CF,WATCH,Low,49.3,4.5,0.46,-2.14,3.53,2386670,79.22,0,5.0,,,RS 4w vs SPY: -2.14% | RS 1w vs SPY: +0.46% | Trend: above MA20 ✅ | Volatility: 3.5% | Labor exposure: 5.0/10 | AI: 49.3% chance to beat SPY next week | ThesisLiteScore: 4.50/10
2025-12-17 17:21:59,CFG,WATCH,Low,49.9,3.22,0.42,-12.67,7.3,804,1.87,0,5.0,,,RS 4w vs SPY: -12.67% | RS 1w vs SPY: +0.42% | Trend: below MA20 ⚠️ | Volatility: 7.3% | Labor exposure: 5.0/10 | AI: 49.9% chance to beat SPY next week | ThesisLiteScore: 3.22/10
2025-12-17 17:21:59,CHD,WATCH,Low,48.6,8.1,2.99,0.28,2.93,2549011,86.78,0,5.0,,,RS 4w vs SPY: +0.28% | RS 1w vs SPY: +2.99% | Trend: above MA20 ✅ | Volatility: 2.9% | Labor exposure: 5.0/10 | AI: 48.6% chance to beat SPY next week | ThesisLiteScore: 8.10/10
2025-12-17 17:21:59,CHRW,WATCH,Low,48.6,8.1,1.47,1.64,3.38,1315038,158.74,0,5.0,,,RS 4w vs SPY: +1.64% | RS 1w vs SPY: +1.47% | Trend: above MA20 ✅ | Volatility: 3.4% | Labor exposure: 5.0/10 | AI: 48.6% chance to beat SPY next week | ThesisLiteScore: 8.10/10
2025-12-17 17:21:59,CHTR,WATCH,Low,48.9,8.1,2.61,0.99,4.23,1632901,211.12,0,5.0,,,RS 4w vs SPY: +0.99% | RS 1w vs SPY: +2.61% | Trend: above MA20 ✅ | Volatility: 4.2% | Labor exposure: 5.0/10 | AI: 48.9% chance to beat SPY next week | ThesisLiteScore: 8.10/10
2025-12-17 17:21:59,CI,WATCH,Low,49.3,4.5,0.64,-4.01,3.41,1619815,275.3,0,5.0,,,RS 4w vs SPY: -4.01% | RS 1w vs SPY: +0.64% | Trend: above MA20 ✅ | Volatility: 3.4% | Labor exposure: 5.0/10 | AI: 49.3% chance to beat SPY next week | ThesisLiteScore: 4.50/10
2025-12-17 17:21:59,CINF,WATCH,Low,49.1,4.5,0.71,-2.82,1.88,505924,166.34,0,5.0,,,RS 4w vs SPY: -2.82% | RS 1w vs SPY: +0.71% | Trend: above MA20 ✅ | Volatility: 1.9% | Labor exposure: 5.0/10 | AI: 49.1% chance to beat SPY next week | ThesisLiteScore: 4.50/10
2025-12-17 17:21:59,CL,WATCH,Low,48.9,4.5,2.06,-4.63,2.89,5785133,79.62,0,5.0,,,RS 4w vs SPY: -4.63% | RS 1w vs SPY: +2.06% | Trend: above MA20 ✅ | Volatility: 2.9% | Labor exposure: 5.0/10 | AI: 48.9% chance to beat SPY next week | ThesisLiteScore: 4.50/10
2025-12-17 17:21:59,CLX,WATCH,Low,50.1,1.3,-2.09,-5.44,3.84,2208312,101.39,0,5.0,,,RS 4w vs SPY: -5.44% | RS 1w vs SPY: -2.09% | Trend: below MA20 ⚠️ | Volatility: 3.8% | Labor exposure: 5.0/10 | AI: 50.1% chance to beat SPY next week | ThesisLiteScore: 1.30/10
2025-12-17 17:21:59,CMCSA,WATCH,Low,47.0,8.1,9.72,5.8,4.69,36036872,29.76,0,5.0,,,RS 4w vs SPY: +5.80% | RS 1w vs SPY: +9.72% | Trend: above MA20 ✅ | Volatility: 4.7% | Labor exposure: 5.0/10 | AI: 47.0% chance to beat SPY next week | ThesisLiteScore: 8.10/10
2025-12-17 17:21:59,CME,WATCH,Low,49.3,3.3,0.34,-2.93,2.37,1925917,273.31,0,5.0,,,RS 4w vs SPY: -2.93% | RS 1w vs SPY: +0.34% | Trend: below MA20 ⚠️ | Volatility: 2.4% | Labor exposure: 5.0/10 | AI: 49.3% chance to beat SPY next week | ThesisLiteScore: 3.30/10
2025-12-17 17:21:59,CMG,WATCH,Low,48.2,8.1,3.14,14.35,5.22,18886625,37.12,0,5.0,,,RS 4w vs SPY: +14.35% | RS 1w vs SPY: +3.14% | Trend: above MA20 ✅ | Volatility: 5.2% | Labor exposure: 5.0/10 | AI: 48.2% chance to beat SPY next week | ThesisLiteScore: 8.10/10
2025-12-17 17:21:59,CMI,WATCH,Low,49.4,3.17,1.35,-3.92,8.09,125,10.9,0,5.0,,,RS 4w vs SPY: -3.92% | RS 1w vs SPY: +1.35% | Trend: below MA20 ⚠️ | Volatility: 8.1% | Labor exposure: 5.0/10 | AI: 49.4% chance to beat SPY next week | ThesisLiteScore: 3.17/10
2025-12-17 17:21:59,CMS,WATCH,Low,49.5,3.3,0.74,-8.39,2.25,2016140,70.06,0,5.0,,,RS 4w vs SPY: -8.39% | RS 1w vs SPY: +0.74% | Trend: below MA20 ⚠️ | Volatility: 2.3% | Labor exposure: 5.0/10 | AI: 49.5% chance to beat SPY next week | ThesisLiteScore: 3.30/10
2025-12-17 17:21:59,CNC,WATCH,Low,50.1,6.1,-4.89,2.96,6.01,6979494,38.68,0,5.0,,,RS 4w vs SPY: +2.96% | RS 1w vs SPY: -4.89% | Trend: above MA20 ✅ | Volatility: 6.0% | Labor exposure: 5.0/10 | AI: 50.1% chance to beat SPY next week | ThesisLiteScore: 6.10/10
2025-12-17 17:21:59,CNP,WATCH,Low,49.3,3.3,1.07,-6.74,2.09,4464991,38.09,0,5.0,,,RS 4w vs SPY: -6.74% | RS 1w vs SPY: +1.07% | Trend: below MA20 ⚠️ | Volatility: 2.1% | Labor exposure: 5.0/10 | AI: 49.3% chance to beat SPY next week | ThesisLiteScore: 3.30/10
2025-12-17 17:21:59,COF,WATCH,Low,48.5,8.1,0.99,12.07,2.37,3650746,239.22,0,5.0,,,RS 4w vs SPY: +12.07% | RS 1w vs SPY: +0.99% | Trend: above MA20 ✅ | Volatility: 2.4% | Labor exposure: 5.0/10 | AI: 48.5% chance to beat SPY next week | ThesisLiteScore: 8.10/10
2025-12-17 17:21:59,COIN,WATCH,Low,50.9,4.79,-5.46,1.69,7.85,9007628,251.71,0,5.0,,,RS 4w vs SPY: +1.69% | RS 1w vs SPY: -5.46% | Trend: below MA20 ⚠️ | Volatility: 7.9% | Labor exposure: 5.0/10 | AI: 50.9% chance to beat SPY next week | ThesisLiteScore: 4.79/10
2025-12-17 17:21:59,COO,WATCH,Low,48.5,8.1,1.59,7.02,5.43,3606031,83.04,0,5.0,,,RS 4w vs SPY: +7.02% | RS 1w vs SPY: +1.59% | Trend: above MA20 ✅ | Volatility: 5.4% | Labor exposure: 5.0/10 | AI: 48.5% chance to beat SPY next week | ThesisLiteScore: 8.10/10
2025-12-17 17:21:59,COP,WATCH,Low,49.3,6.1,-1.49,4.25,4.12,6710426,93.72,0,5.0,,,RS 4w vs SPY: +4.25% | RS 1w vs SPY: -1.49% | Trend: above MA20 ✅ | Volatility: 4.1% | Labor exposure: 5.0/10 | AI: 49.3% chance to beat SPY next week | ThesisLiteScore: 6.10/10
2025-12-17 17:21:59,COR,WATCH,Low,51.8,0.9,-4.15,-19.51,12.62,88636,0.33,0,5.0,,,RS 4w vs SPY: -19.51% | RS 1w vs SPY: -4.15% | Trend: below MA20 ⚠️ | Volatility: 12.6% | Labor exposure: 5.0/10 | AI: 51.8% chance to beat SPY next week | ThesisLiteScore: 0.90/10
2025-12-17 17:21:59,COST,WATCH,Low,50.0,1.3,-1.98,-6.99,2.67,2754506,863.23,0,5.0,,,RS 4w vs SPY: -6.99% | RS 1w vs SPY: -1.98% | Trend: below MA20 ⚠️ | Volatility: 2.7% | Labor exposure: 5.0/10 | AI: 50.0% chance to beat SPY next week | ThesisLiteScore: 1.30/10
2025-12-17 17:21:59,CPAY,WATCH,Low,49.3,6.1,-1.7,4.11,4.1,560818,309.38,0,5.0,,,RS 4w vs SPY: +4.11% | RS 1w vs SPY: -1.70% | Trend: above MA20 ✅ | Volatility: 4.1% | Labor exposure: 5.0/10 | AI: 49.3% chance to beat SPY next week | ThesisLiteScore: 6.10/10
2025-12-17 17:21:59,CPB,WATCH,Low,49.5,3.3,1.33,-11.41,4.17,7275139,29.0,0,5.0,,,RS 4w vs SPY: -11.41% | RS 1w vs SPY: +1.33% | Trend: below MA20 ⚠️ | Volatility: 4.2% | Labor exposure: 5.0/10 | AI: 49.5% chance to beat SPY next week | ThesisLiteScore: 3.30/10
2025-12-17 17:21:59,CPRT,WATCH,Low,49.2,4.5,1.91,-6.66,2.78,8986121,39.24,0,5.0,,,RS 4w vs SPY: -6.66% | RS 1w vs SPY: +1.91% | Trend: above MA20 ✅ | Volatility: 2.8% | Labor exposure: 5.0/10 | AI: 49.2% chance to beat SPY next week | ThesisLiteScore: 4.50/10
2025-12-17 17:21:59,CPT,WATCH,Low,48.7,4.5,2.16,-2.24,1.93,1415326,106.04,0,5.0,,,RS 4w vs SPY: -2.24% | RS 1w vs SPY: +2.16% | Trend: above MA20 ✅ | Volatility: 1.9% | Labor exposure: 5.0/10 | AI: 48.7% chance to beat SPY next week | ThesisLiteScore: 4.50/10
2025-12-17 17:21:59,CRL,WATCH,Low,48.0,8.1,3.02,15.13,4.76,778182,198.05,0,5.0,,,RS 4w vs SPY: +15.13% | RS 1w vs SPY: +3.02% | Trend: above MA20 ✅ | Volatility: 4.8% | Labor exposure: 5.0/10 | AI: 48.0% chance to beat SPY next week | ThesisLiteScore: 8.10/10
2025-12-17 17:21:59,CRM,WATCH,Low,50.2,1.21,-1.47,-9.47,7.55,86373,0.36,0,5.0,,,RS 4w vs SPY: -9.47% | RS 1w vs SPY: -1.47% | Trend: below MA20 ⚠️ | Volatility: 7.6% | Labor exposure: 5.0/10 | AI: 50.2% chance to beat SPY next week | ThesisLiteScore: 1.21/10
2025-12-17 17:21:59,CRWD,WATCH,Low,50.8,1.3,-5.35,-6.08,4.46,2380672,475.61,0,5.0,,,RS 4w vs SPY: -6.08% | RS 1w vs SPY: -5.35% | Trend: below MA20 ⚠️ | Volatility: 4.5% | Labor exposure: 5.0/10 | AI: 50.8% chance to beat SPY next week | ThesisLiteScore: 1.30/10
2025-12-17 17:21:59,CSCO,WATCH,Low,49.6,1.3,-1.34,-2.58,2.95,17298348,76.42,0,5.0,,,RS 4w vs SPY: -2.58% | RS 1w vs SPY: -1.34% | Trend: below MA20 ⚠️ | Volatility: 2.9% | Labor exposure: 5.0/10 | AI: 49.6% chance to beat SPY next week | ThesisLiteScore: 1.30/10
2025-12-17 17:21:59,CSGP,WATCH,Low,50.9,1.3,-5.29,-7.35,4.67,3895485,64.33,0,5.0,,,RS 4w vs SPY: -7.35% | RS 1w vs SPY: -5.29% | Trend: below MA20 ⚠️ | Volatility: 4.7% | Labor exposure: 5.0/10 | AI: 50.9% chance to beat SPY next week | ThesisLiteScore: 1.30/10
2025-12-17 17:21:59,CSX,WATCH,Low,49.5,6.1,-2.04,3.38,2.41,12073673,36.47,0,5.0,,,RS 4w vs SPY: +3.38% | RS 1w vs SPY: -2.04% | Trend: above MA20 ✅ | Volatility: 2.4% | Labor exposure: 5.0/10 | AI: 49.5% chance to beat SPY next week | ThesisLiteScore: 6.10/10
2025-12-17 17:21:59,CTAS,WATCH,Low,49.1,4.5,0.63,-1.87,2.3,2014779,187.93,0,5.0,,,RS 4w vs SPY: -1.87% | RS 1w vs SPY: +0.63% | Trend: above MA20 ✅ | Volatility: 2.3% | Labor exposure: 5.0/10 | AI: 49.1% chance to beat SPY next week | ThesisLiteScore: 4.50/10
2025-12-17 17:21:59,CTRA,WATCH,Low,49.7,1.3,-2.01,-3.48,4.05,6138849,25.63,0,5.0,,,RS 4w vs SPY: -3.48% | RS 1w vs SPY: -2.01% | Trend: below MA20 ⚠️ | Volatility: 4.1% | Labor exposure: 5.0/10 | AI: 49.7% chance to beat SPY next week | ThesisLiteScore: 1.30/10
2025-12-17 17:21:59,CTSH,WATCH,Low,48.4,8.1,1.41,8.56,3.06,4396383,84.77,0,5.0,,,RS 4w vs SPY: +8.56% | RS 1w vs SPY: +1.41% | Trend: above MA20 ✅ | Volatility: 3.1% | Labor exposure: 5.0/10 | AI: 48.4% chance to beat SPY next week | ThesisLiteScore: 8.10/10
2025-12-17 17:21:59,CTVA,WATCH,Low,49.3,1.3,-0.11,-2.66,2.29,3693204,65.77,0,5.0,,,RS 4w vs SPY: -2.66% | RS 1w vs SPY: -0.11% | Trend: below MA20 ⚠️ | Volatility: 2.3% | Labor exposure: 5.0/10 | AI: 49.3% chance to beat SPY next week | ThesisLiteScore: 1.30/10
2025-12-17 17:21:59,CVS,WATCH,Low,49.9,1.3,-2.11,-3.81,3.97,7410006,77.41,0,5.0,,,RS 4w vs SPY: -3.81% | RS 1w vs SPY: -2.11% | Trend: below MA20 ⚠️ | Volatility: 4.0% | Labor exposure: 5.0/10 | AI: 49.9% chance to beat SPY next week | ThesisLiteScore: 1.30/10
2025-12-17 17:21:59,CVX,WATCH,Low,49.5,1.3,-0.35,-3.78,2.4,8575870,148.83,0,5.0,,,RS 4w vs SPY: -3.78% | RS 1w vs SPY: -0.35% | Trend: below MA20 ⚠️ | Volatility: 2.4% | Labor exposure: 5.0/10 | AI: 49.5% chance to beat SPY next week | ThesisLiteScore: 1.30/10
2025-12-17 17:21:59,CZR,WATCH,Low,49.1,6.1,-1.59,9.72,5.76,7281353,24.04,0,5.0,,,RS 4w vs SPY: +9.72% | RS 1w vs SPY: -1.59% | Trend: above MA20 ✅ | Volatility: 5.8% | Labor exposure: 5.0/10 | AI: 49.1% chance to beat SPY next week | ThesisLiteScore: 6.10/10
2025-12-17 17:21:59,D,WATCH,Low,48.9,4.5,2.21,-4.77,2.99,5939253,60.39,0,5.0,,,RS 4w vs SPY: -4.77% | RS 1w vs SPY: +2.21% | Trend: above MA20 ✅ | Volatility: 3.0% | Labor exposure: 5.0/10 | AI: 48.9% chance to beat SPY next week | ThesisLiteScore: 4.50/10
2025-12-17 17:21:59,DAL,WATCH,Low,48.0,8.1,1.96,18.01,4.19,7910482,70.88,0,5.0,,,RS 4w vs SPY: +18.01% | RS 1w vs SPY: +1.96% | Trend: above MA20 ✅ | Volatility: 4.2% | Labor exposure: 5.0/10 | AI: 48.0% chance to beat SPY next week | ThesisLiteScore: 8.10/10
2025-12-17 17:21:59,DASH,WATCH,Low,49.3,6.05,-1.37,14.81,6.79,5963325,223.42,0,5.0,,,RS 4w vs SPY: +14.81% | RS 1w vs SPY: -1.37% | Trend: above MA20 ✅ | Volatility: 6.8% | Labor exposure: 5.0/10 | AI: 49.3% chance to beat SPY next week | ThesisLiteScore: 6.05/10
2025-12-17 17:21:59,DAY,WATCH,Low,49.1,4.5,0.5,-2.34,0.26,3486999,69.31,0,5.0,,,RS 4w vs SPY: -2.34% | RS 1w vs SPY: +0.50% | Trend: above MA20 ✅ | Volatility: 0.3% | Labor exposure: 5.0/10 | AI: 49.1% chance to beat SPY next week | ThesisLiteScore: 4.50/10
2025-12-17 17:21:59,DD,WATCH,Low,49.0,6.1,-0.41,2.31,3.07,4718653,40.59,0,5.0,,,RS 4w vs SPY: +2.31% | RS 1w vs SPY: -0.41% | Trend: above MA20 ✅ | Volatility: 3.1% | Labor exposure: 5.0/10 | AI: 49.0% chance to beat SPY next week | ThesisLiteScore: 6.10/10
2025-12-17 17:21:59,DDOG,WATCH,Low,51.0,1.3,-4.63,-15.03,5.04,4088407,138.62,0,5.0,,,RS 4w vs SPY: -15.03% | RS 1w vs SPY: -4.63% | Trend: below MA20 ⚠️ | Volatility: 5.0% | Labor exposure: 5.0/10 | AI: 51.0% chance to beat SPY next week | ThesisLiteScore: 1.30/10
2025-12-17 17:21:59,DE,WATCH,Low,49.2,4.5,0.49,-3.45,4.18,1712169,485.11,0,5.0,,,RS 4w vs SPY: -3.45% | RS 1w vs SPY: +0.49% | Trend: above MA20 ✅ | Volatility: 4.2% | Labor exposure: 5.0/10 | AI: 49.2% chance to beat SPY next week | ThesisLiteScore: 4.50/10
2025-12-17 17:21:59,DECK,WATCH,Low,48.0,8.1,2.52,18.34,4.55,3229405,103.31,0,5.0,,,RS 4w vs SPY: +18.34% | RS 1w vs SPY: +2.52% | Trend: above MA20 ✅ | Volatility: 4.5% | Labor exposure: 5.0/10 | AI: 48.0% chance to beat SPY next week | ThesisLiteScore: 8.10/10
2025-12-17 17:21:59,DELL,WATCH,Low,49.7,4.85,-0.79,1.8,6.8,6987983,128.4,0,5.0,,,RS 4w vs SPY: +1.80% | RS 1w vs SPY: -0.79% | Trend: below MA20 ⚠️ | Volatility: 6.8% | Labor exposure: 5.0/10 | AI: 49.7% chance to beat SPY next week | ThesisLiteScore: 4.85/10
2025-12-17 17:21:59,DG,WATCH,Low,47.2,7.75,1.4,29.25,8.87,4709462,134.51,-2,6.0,,,RS 4w vs SPY: +29.25% | RS 1w vs SPY: +1.40% | Trend: above MA20 ✅ | Volatility: 8.9% | Labor exposure: 6.0/10 | AI: 47.2% chance to beat SPY next week | ThesisLiteScore: 7.75/10
2025-12-17 17:21:59,DGX,WATCH,Low,50.1,1.3,-2.24,-10.1,2.81,1040271,177.7,0,5.0,,,RS 4w vs SPY: -10.10% | RS 1w vs SPY: -2.24% | Trend: below MA20 ⚠️ | Volatility: 2.8% | Labor exposure: 5.0/10 | AI: 50.1% chance to beat SPY next week | ThesisLiteScore: 1.30/10
2025-12-17 17:21:59,DHI,WATCH,Low,48.3,5.37,-0.43,2.72,6.09,3129891,155.12,0,9.0,,,RS 4w vs SPY: +2.72% | RS 1w vs SPY: -0.43% | Trend: above MA20 ✅ | Volatility: 6.1% | Labor exposure: 9.0/10 | AI: 48.3% chance to beat SPY next week | ThesisLiteScore: 5.37/10
2025-12-17 17:21:59,DHR,WATCH,Low,49.4,1.3,-0.11,-4.0,3.16,3521270,225.13,0,5.0,,,RS 4w vs SPY: -4.00% | RS 1w vs SPY: -0.11% | Trend: below MA20 ⚠️ | Volatility: 3.2% | Labor exposure: 5.0/10 | AI: 49.4% chance to beat SPY next week | ThesisLiteScore: 1.30/10
2025-12-17 17:21:59,DIS,WATCH,Low,49.2,6.1,-0.16,3.39,3.26,11235792,110.95,0,5.0,,,RS 4w vs SPY: +3.39% | RS 1w vs SPY: -0.16% | Trend: above MA20 ✅ | Volatility: 3.3% | Labor exposure: 5.0/10 | AI: 49.2% chance to beat SPY next week | ThesisLiteScore: 6.10/10
2025-12-17 17:21:59,DLR,WATCH,Low,50.4,1.3,-2.95,-8.57,3.18,1989790,148.44,0,5.0,,,RS 4w vs SPY: -8.57% | RS 1w vs SPY: -2.95% | Trend: below MA20 ⚠️ | Volatility: 3.2% | Labor exposure: 5.0/10 | AI: 50.4% chance to beat SPY next week | ThesisLiteScore: 1.30/10
2025-12-17 17:21:59,DLTR,WATCH,Low,48.4,6.1,-0.73,23.06,5.88,3538663,128.37,0,5.0,,,RS 4w vs SPY: +23.06% | RS 1w vs SPY: -0.73% | Trend: above MA20 ✅ | Volatility: 5.9% | Labor exposure: 5.0/10 | AI: 48.4% chance to beat SPY next week | ThesisLiteScore: 6.10/10
2025-12-17 17:21:59,DOC,WATCH,Low,49.8,1.3,-0.18,-10.41,3.16,6784451,16.52,0,5.0,,,RS 4w vs SPY: -10.41% | RS 1w vs SPY: -0.18% | Trend: below MA20 ⚠️ | Volatility: 3.2% | Labor exposure: 5.0/10 | AI: 49.8% chance to beat SPY next week | ThesisLiteScore: 1.30/10
2025-12-17 17:21:59,DOV,WATCH,Low,49.2,6.1,-1.06,3.85,3.2,1000065,196.17,0,5.0,,,RS 4w vs SPY: +3.85% | RS 1w vs SPY: -1.06% | Trend: above MA20 ✅ | Volatility: 3.2% | Labor exposure: 5.0/10 | AI: 49.2% chance to beat SPY next week | ThesisLiteScore: 6.10/10
2025-12-17 17:21:59,DOW,WATCH,Low,49.9,4.9,-3.0,1.27,6.05,12133074,23.15,0,5.0,,,RS 4w vs SPY: +1.27% | RS 1w vs SPY: -3.00% | Trend: below MA20 ⚠️ | Volatility: 6.1% | Labor exposure: 5.0/10 | AI: 49.9% chance to beat SPY next week | ThesisLiteScore: 4.90/10
2025-12-17 17:21:59,DPZ,WATCH,Low,48.6,8.1,2.03,4.66,3.56,533909,438.67,0,5.0,,,RS 4w vs SPY: +4.66% | RS 1w vs SPY: +2.03% | Trend: above MA20 ✅ | Volatility: 3.6% | Labor exposure: 5.0/10 | AI: 48.6% chance to beat SPY next week | ThesisLiteScore: 8.10/10
2025-12-17 17:21:59,DRI,WATCH,Low,47.9,8.1,5.11,6.2,3.82,1370957,190.82,0,5.0,,,RS 4w vs SPY: +6.20% | RS 1w vs SPY: +5.11% | Trend: above MA20 ✅ | Volatility: 3.8% | Labor exposure: 5.0/10 | AI: 47.9% chance to beat SPY next week | ThesisLiteScore: 8.10/10
2025-12-17 17:21:59,DTE,WATCH,Low,49.9,1.3,-0.97,-8.74,1.99,1428783,127.99,0,5.0,,,RS 4w vs SPY: -8.74% | RS 1w vs SPY: -0.97% | Trend: below MA20 ⚠️ | Volatility: 2.0% | Labor exposure: 5.0/10 | AI: 49.9% chance to beat SPY next week | ThesisLiteScore: 1.30/10
2025-12-17 17:21:59,DUK,WATCH,Low,49.2,3.3,1.86,-7.77,2.25,3241638,116.96,0,5.0,,,RS 4w vs SPY: -7.77% | RS 1w vs SPY: +1.86% | Trend: below MA20 ⚠️ | Volatility: 2.3% | Labor exposure: 5.0/10 | AI: 49.2% chance to beat SPY next week | ThesisLiteScore: 3.30/10
2025-12-17 17:21:59,DVA,WATCH,Low,49.8,2.5,-1.64,-4.17,3.05,949959,118.85,0,5.0,,,RS 4w vs SPY: -4.17% | RS 1w vs SPY: -1.64% | Trend: above MA20 ✅ | Volatility: 3.1% | Labor exposure: 5.0/10 | AI: 49.8% chance to beat SPY next week | ThesisLiteScore: 2.50/10
2025-12-17 17:21:59,DVN,WATCH,Low,49.7,1.3,-2.47,-0.81,4.27,7887273,36.44,0,5.0,,,RS 4w vs SPY: -0.81% | RS 1w vs SPY: -2.47% | Trend: below MA20 ⚠️ | Volatility: 4.3% | Labor exposure: 5.0/10 | AI: 49.7% chance to beat SPY next week | ThesisLiteScore: 1.30/10
2025-12-17 17:21:59,DXCM,WATCH,Low,49.0,6.1,-0.05,7.63,3.62,5140657,66.64,0,5.0,,,RS 4w vs SPY: +7.63% | RS 1w vs SPY: -0.05% | Trend: above MA20 ✅ | Volatility: 3.6% | Labor exposure: 5.0/10 | AI: 49.0% chance to beat SPY next week | ThesisLiteScore: 6.10/10
2025-12-17 17:21:59,EA,WATCH,Low,49.0,4.5,0.63,-1.29,0.39,2042889,204.15,0,5.0,,,RS 4w vs SPY: -1.29% | RS 1w vs SPY: +0.63% | Trend: above MA20 ✅ | Volatility: 0.4% | Labor exposure: 5.0/10 | AI: 49.0% chance to beat SPY next week | ThesisLiteScore: 4.50/10
2025-12-17 17:21:59,EBAY,WATCH,Low,50.0,2.5,-2.89,-0.92,3.02,3897136,82.53,0,5.0,,,RS 4w vs SPY: -0.92% | RS 1w vs SPY: -2.89% | Trend: above MA20 ✅ | Volatility: 3.0% | Labor exposure: 5.0/10 | AI: 50.0% chance to beat SPY next week | ThesisLiteScore: 2.50/10
2025-12-17 17:21:59,ECL,WATCH,Low,50.7,1.18,-4.61,-4.32,8.02,979,15.1,0,5.0,,,RS 4w vs SPY: -4.32% | RS 1w vs SPY: -4.61% | Trend: below MA20 ⚠️ | Volatility: 8.0% | Labor exposure: 5.0/10 | AI: 50.7% chance to beat SPY next week | ThesisLiteScore: 1.18/10
2025-12-17 17:21:59,ED,WATCH,Low,48.7,4.5,2.85,-3.28,2.72,2430372,99.89,0,5.0,,,RS 4w vs SPY: -3.28% | RS 1w vs SPY: +2.85% | Trend: above MA20 ✅ | Volatility: 2.7% | Labor exposure: 5.0/10 | AI: 48.7% chance to beat SPY next week | ThesisLiteScore: 4.50/10
2025-12-17 17:21:59,EFX,WATCH,Low,49.5,2.5,-1.11,-1.27,3.42,1556046,217.44,0,5.0,,,RS 4w vs SPY: -1.27% | RS 1w vs SPY: -1.11% | Trend: above MA20 ✅ | Volatility: 3.4% | Labor exposure: 5.0/10 | AI: 49.5% chance to beat SPY next week | ThesisLiteScore: 2.50/10
2025-12-17 17:21:59,EG,WATCH,Low,49.0,8.1,1.07,2.75,2.94,379713,329.29,0,5.0,,,RS 4w vs SPY: +2.75% | RS 1w vs SPY: +1.07% | Trend: above MA20 ✅ | Volatility: 2.9% | Labor exposure: 5.0/10 | AI: 49.0% chance to beat SPY next week | ThesisLiteScore: 8.10/10
2025-12-17 17:21:59,EIX,WATCH,Low,48.6,4.5,2.72,-1.18,3.2,3113938,59.65,0,5.0,,,RS 4w vs SPY: -1.18% | RS 1w vs SPY: +2.72% | Trend: above MA20 ✅ | Volatility: 3.2% | Labor exposure: 5.0/10 | AI: 48.6% chance to beat SPY next week | ThesisLiteScore: 4.50/10
2025-12-17 17:21:59,EL,WATCH,Low,48.2,8.1,2.2,14.84,5.48,3385248,105.94,0,5.0,,,RS 4w vs SPY: +14.84% | RS 1w vs SPY: +2.20% | Trend: above MA20 ✅ | Volatility: 5.5% | Labor exposure: 5.0/10 | AI: 48.2% chance to beat SPY next week | ThesisLiteScore: 8.10/10
2025-12-17 17:21:59,ELV,WATCH,Low,49.8,6.1,-3.25,4.5,4.63,1513534,345.89,0,5.0,,,RS 4w vs SPY: +4.50% | RS 1w vs SPY: -3.25% | Trend: above MA20 ✅ | Volatility: 4.6% | Labor exposure: 5.0/10 | AI: 49.8% chance to beat SPY next week | ThesisLiteScore: 6.10/10
2025-12-17 17:21:59,EMN,WATCH,Low,49.1,6.1,-0.42,5.46,5.17,1704920,64.57,0,5.0,,,RS 4w vs SPY: +5.46% | RS 1w vs SPY: -0.42% | Trend: above MA20 ✅ | Volatility: 5.2% | Labor exposure: 5.0/10 | AI: 49.1% chance to beat SPY next week | ThesisLiteScore: 6.10/10
2025-12-17 17:21:59,EMR,WATCH,Low,50.0,1.3,-3.25,-0.36,3.96,2244515,131.62,0,5.0,,,RS 4w vs SPY: -0.36% | RS 1w vs SPY: -3.25% | Trend: below MA20 ⚠️ | Volatility: 4.0% | Labor exposure: 5.0/10 | AI: 50.0% chance to beat SPY next week | ThesisLiteScore: 1.30/10
2025-12-17 17:21:59,ENPH,WATCH,Low,48.9,6.1,-0.18,15.76,5.15,6042807,31.98,0,5.0,,,RS 4w vs SPY: +15.76% | RS 1w vs SPY: -0.18% | Trend: above MA20 ✅ | Volatility: 5.1% | Labor exposure: 5.0/10 | AI: 48.9% chance to beat SPY next week | ThesisLiteScore: 6.10/10
2025-12-17 17:21:59,EOG,WATCH,Low,50.4,1.3,-3.96,-6.47,3.65,3491713,103.27,0,5.0,,,RS 4w vs SPY: -6.47% | RS 1w vs SPY: -3.96% | Trend: below MA20 ⚠️ | Volatility: 3.7% | Labor exposure: 5.0/10 | AI: 50.4% chance to beat SPY next week | ThesisLiteScore: 1.30/10
2025-12-17 17:21:59,EPAM,WATCH,Low,48.5,6.1,-0.34,11.93,3.17,830974,208.02,0,5.0,,,RS 4w vs SPY: +11.93% | RS 1w vs SPY: -0.34% | Trend: above MA20 ✅ | Volatility: 3.2% | Labor exposure: 5.0/10 | AI: 48.5% chance to beat SPY next week | ThesisLiteScore: 6.10/10
2025-12-17 17:21:59,EQIX,WATCH,Low,49.4,4.5,0.46,-3.55,2.99,598138,750.59,0,5.0,,,RS 4w vs SPY: -3.55% | RS 1w vs SPY: +0.46% | Trend: above MA20 ✅ | Volatility: 3.0% | Labor exposure: 5.0/10 | AI: 49.4% chance to beat SPY next week | ThesisLiteScore: 4.50/10
2025-12-17 17:21:59,EQR,WATCH,Low,48.9,4.5,1.51,-1.26,1.92,2135165,61.61,0,5.0,,,RS 4w vs SPY: -1.26% | RS 1w vs SPY: +1.51% | Trend: above MA20 ✅ | Volatility: 1.9% | Labor exposure: 5.0/10 | AI: 48.9% chance to beat SPY next week | ThesisLiteScore: 4.50/10
2025-12-17 17:21:59,EQT,WATCH,Low,50.3,1.3,-3.25,-9.15,5.41,8343700,53.53,0,5.0,,,RS 4w vs SPY: -9.15% | RS 1w vs SPY: -3.25% | Trend: below MA20 ⚠️ | Volatility: 5.4% | Labor exposure: 5.0/10 | AI: 50.3% chance to beat SPY next week | ThesisLiteScore: 1.30/10
2025-12-17 17:21:59,ERIE,WATCH,Low,49.1,4.5,1.53,-4.99,4.05,147174,290.5,0,5.0,,,RS 4w vs SPY: -4.99% | RS 1w vs SPY: +1.53% | Trend: above MA20 ✅ | Volatility: 4.1% | Labor exposure: 5.0/10 | AI: 49.1% chance to beat SPY next week | ThesisLiteScore: 4.50/10
2025-12-17 17:21:59,ES,WATCH,Low,49.4,6.05,-0.32,1.72,6.77,2973224,67.61,0,5.0,,,RS 4w vs SPY: +1.72% | RS 1w vs SPY: -0.32% | Trend: above MA20 ✅ | Volatility: 6.8% | Labor exposure: 5.0/10 | AI: 49.4% chance to beat SPY next week | ThesisLiteScore: 6.05/10
2025-12-17 17:21:59,ESS,WATCH,Low,48.9,4.5,1.69,-3.14,2.29,425613,260.87,0,5.0,,,RS 4w vs SPY: -3.14% | RS 1w vs SPY: +1.69% | Trend: above MA20 ✅ | Volatility: 2.3% | Labor exposure: 5.0/10 | AI: 48.9% chance to beat SPY next week | ThesisLiteScore: 4.50/10
2025-12-17 17:21:59,ETN,WATCH,Low,50.8,1.3,-4.79,-8.15,5.4,2884073,314.67,0,5.0,,,RS 4w vs SPY: -8.15% | RS 1w vs SPY: -4.79% | Trend: below MA20 ⚠️ | Volatility: 5.4% | Labor exposure: 5.0/10 | AI: 50.8% chance to beat SPY next week | ThesisLiteScore: 1.30/10
2025-12-17 17:21:59,ETR,WATCH,Low,49.4,3.3,0.2,-4.68,2.71,2682604,92.14,0,5.0,,,RS 4w vs SPY: -4.68% | RS 1w vs SPY: +0.20% | Trend: below MA20 ⚠️ | Volatility: 2.7% | Labor exposure: 5.0/10 | AI: 49.4% chance to beat SPY next week | ThesisLiteScore: 3.30/10
2025-12-17 17:21:59,EVRG,WATCH,Low,49.5,3.3,0.22,-5.91,2.15,1791709,73.65,0,5.0,,,RS 4w vs SPY: -5.91% | RS 1w vs SPY: +0.22% | Trend: below MA20 ⚠️ | Volatility: 2.1% | Labor exposure: 5.0/10 | AI: 49.5% chance to beat SPY next week | ThesisLiteScore: 3.30/10
2025-12-17 17:21:59,EW,WATCH,Low,48.5,4.5,3.28,-2.63,3.3,3360870,85.45,0,5.0,,,RS 4w vs SPY: -2.63% | RS 1w vs SPY: +3.28% | Trend: above MA20 ✅ | Volatility: 3.3% | Labor exposure: 5.0/10 | AI: 48.5% chance to beat SPY next week | ThesisLiteScore: 4.50/10
2025-12-17 17:21:59,EXC,WATCH,Low,49.3,3.3,0.77,-8.17,3.77,222353,0.29,0,5.0,,,RS 4w vs SPY: -8.17% | RS 1w vs SPY: +0.77% | Trend: below MA20 ⚠️ | Volatility: 3.8% | Labor exposure: 5.0/10 | AI: 49.3% chance to beat SPY next week | ThesisLiteScore: 3.30/10
2025-12-17 17:21:59,EXE,WATCH,Low,50.4,1.3,-4.07,-9.33,4.68,3284513,107.72,0,5.0,,,RS 4w vs SPY: -9.33% | RS 1w vs SPY: -4.07% | Trend: below MA20 ⚠️ | Volatility: 4.7% | Labor exposure: 5.0/10 | AI: 50.4% chance to beat SPY next week | ThesisLiteScore: 1.30/10
2025-12-17 17:21:59,EXPD,WATCH,Low,49.1,6.1,-0.91,1.55,3.05,1264540,149.74,0,5.0,,,RS 4w vs SPY: +1.55% | RS 1w vs SPY: -0.91% | Trend: above MA20 ✅ | Volatility: 3.1% | Labor exposure: 5.0/10 | AI: 49.1% chance to beat SPY next week | ThesisLiteScore: 6.10/10
2025-12-17 17:21:59,EXPE,WATCH,Low,47.9,8.1,3.32,10.99,5.04,2007015,282.15,0,5.0,,,RS 4w vs SPY: +10.99% | RS 1w vs SPY: +3.32% | Trend: above MA20 ✅ | Volatility: 5.0% | Labor exposure: 5.0/10 | AI: 47.9% chance to beat SPY next week | ThesisLiteScore: 8.10/10
2025-12-17 17:21:59,EXR,WATCH,Low,49.7,2.5,-1.22,-2.39,2.98,1137876,132.27,0,5.0,,,RS 4w vs SPY: -2.39% | RS 1w vs SPY: -1.22% | Trend: above MA20 ✅ | Volatility: 3.0% | Labor exposure: 5.0/10 | AI: 49.7% chance to beat SPY next week | ThesisLiteScore: 2.50/10
2025-12-17 17:21:59,F,WATCH,Low,49.6,6.1,-2.23,1.39,3.66,52914252,13.39,0,5.0,,,RS 4w vs SPY: +1.39% | RS 1w vs SPY: -2.23% | Trend: above MA20 ✅ | Volatility: 3.7% | Labor exposure: 5.0/10 | AI: 49.6% chance to beat SPY next week | ThesisLiteScore: 6.10/10
2025-12-17 17:21:59,FANG,WATCH,Low,49.7,4.9,-2.53,0.82,3.39,1649571,152.06,0,5.0,,,RS 4w vs SPY: +0.82% | RS 1w vs SPY: -2.53% | Trend: below MA20 ⚠️ | Volatility: 3.4% | Labor exposure: 5.0/10 | AI: 49.7% chance to beat SPY next week | ThesisLiteScore: 4.90/10
2025-12-17 17:21:59,FAST,WATCH,Low,49.2,6.1,-0.1,1.7,2.73,6714498,41.79,0,5.0,,,RS 4w vs SPY: +1.70% | RS 1w vs SPY: -0.10% | Trend: above MA20 ✅ | Volatility: 2.7% | Labor exposure: 5.0/10 | AI: 49.2% chance to beat SPY next week | ThesisLiteScore: 6.10/10
2025-12-17 17:21:59,FCX,WATCH,Low,48.2,8.1,1.61,17.23,4.29,15063001,47.94,0,5.0,,,RS 4w vs SPY: +17.23% | RS 1w vs SPY: +1.61% | Trend: above MA20 ✅ | Volatility: 4.3% | Labor exposure: 5.0/10 | AI: 48.2% chance to beat SPY next week | ThesisLiteScore: 8.10/10
2025-12-17 17:21:59,FDS,WATCH,Low,48.7,8.1,1.66,3.87,3.23,829685,296.09,0,5.0,,,RS 4w vs SPY: +3.87% | RS 1w vs SPY: +1.66% | Trend: above MA20 ✅ | Volatility: 3.2% | Labor exposure: 5.0/10 | AI: 48.7% chance to beat SPY next week | ThesisLiteScore: 8.10/10
2025-12-17 17:21:59,FDX,WATCH,Low,48.2,5.74,-0.24,1.83,2.78,1396829,282.46,-2,7.0,,,RS 4w vs SPY: +1.83% | RS 1w vs SPY: -0.24% | Trend: above MA20 ✅ | Volatility: 2.8% | Labor exposure: 7.0/10 | AI: 48.2% chance to beat SPY next week | ThesisLiteScore: 5.74/10
2025-12-17 17:21:59,FE,WATCH,Low,49.5,3.3,0.54,-8.51,2.24,4691834,44.31,0,5.0,,,RS 4w vs SPY: -8.51% | RS 1w vs SPY: +0.54% | Trend: below MA20 ⚠️ | Volatility: 2.2% | Labor exposure: 5.0/10 | AI: 49.5% chance to beat SPY next week | ThesisLiteScore: 3.30/10
2025-12-17 17:21:59,FFIV,WATCH,Low,49.5,6.1,-1.37,7.09,3.38,1342811,257.95,0,5.0,,,RS 4w vs SPY: +7.09% | RS 1w vs SPY: -1.37% | Trend: above MA20 ✅ | Volatility: 3.4% | Labor exposure: 5.0/10 | AI: 49.5% chance to beat SPY next week | ThesisLiteScore: 6.10/10
2025-12-17 17:21:59,FICO,WATCH,Low,50.3,1.3,-4.08,-4.48,4.4,172393,1761.89,0,5.0,,,RS 4w vs SPY: -4.48% | RS 1w vs SPY: -4.08% | Trend: below MA20 ⚠️ | Volatility: 4.4% | Labor exposure: 5.0/10 | AI: 50.3% chance to beat SPY next week | ThesisLiteScore: 1.30/10
2025-12-17 17:21:59,FIS,WATCH,Low,49.2,6.1,-0.06,1.23,2.66,2795190,66.78,0,5.0,,,RS 4w vs SPY: +1.23% | RS 1w vs SPY: -0.06% | Trend: above MA20 ✅ | Volatility: 2.7% | Labor exposure: 5.0/10 | AI: 49.2% chance to beat SPY next week | ThesisLiteScore: 6.10/10
2025-12-17 17:21:59,FITB,WATCH,Low,48.9,6.1,-0.64,9.3,3.4,6480614,47.64,0,5.0,,,RS 4w vs SPY: +9.30% | RS 1w vs SPY: -0.64% | Trend: above MA20 ✅ | Volatility: 3.4% | Labor exposure: 5.0/10 | AI: 48.9% chance to beat SPY next week | ThesisLiteScore: 6.10/10
2025-12-17 17:21:59,FOX,WATCH,Low,52.8,1.07,-11.41,-15.36,9.83,2103,2.98,0,5.0,,,RS 4w vs SPY: -15.36% | RS 1w vs SPY: -11.41% | Trend: below MA20 ⚠️ | Volatility: 9.8% | Labor exposure: 5.0/10 | AI: 52.8% chance to beat SPY next week | ThesisLiteScore: 1.07/10
2025-12-17 17:21:59,FOXA,WATCH,Low,48.8,8.1,0.23,5.02,2.35,3261302,70.97,0,5.0,,,RS 4w vs SPY: +5.02% | RS 1w vs SPY: +0.23% | Trend: above MA20 ✅ | Volatility: 2.3% | Labor exposure: 5.0/10 | AI: 48.8% chance to beat SPY next week | ThesisLiteScore: 8.10/10
2025-12-17 17:21:59,FRT,WATCH,Low,48.8,8.1,1.91,0.14,2.15,611545,101.06,0,5.0,,,RS 4w vs SPY: +0.14% | RS 1w vs SPY: +1.91% | Trend: above MA20 ✅ | Volatility: 2.1% | Labor exposure: 5.0/10 | AI: 48.8% chance to beat SPY next week | ThesisLiteScore: 8.10/10
2025-12-17 17:21:59,FSLR,WATCH,Low,49.0,3.3,1.42,-0.04,6.03,1773304,257.34,0,5.0,,,RS 4w vs SPY: -0.04% | RS 1w vs SPY: +1.42% | Trend: below MA20 ⚠️ | Volatility: 6.0% | Labor exposure: 5.0/10 | AI: 49.0% chance to beat SPY next week | ThesisLiteScore: 3.30/10
2025-12-17 17:21:59,FTNT,WATCH,Low,49.8,1.3,-1.85,-1.11,3.82,4919921,80.35,0,5.0,,,RS 4w vs SPY: -1.11% | RS 1w vs SPY: -1.85% | Trend: below MA20 ⚠️ | Volatility: 3.8% | Labor exposure: 5.0/10 | AI: 49.8% chance to beat SPY next week | ThesisLiteScore: 1.30/10
2025-12-17 17:21:59,FTV,WATCH,Low,48.7,8.1,1.33,1.93,2.79,2650410,55.43,0,5.0,,,RS 4w vs SPY: +1.93% | RS 1w vs SPY: +1.33% | Trend: above MA20 ✅ | Volatility: 2.8% | Labor exposure: 5.0/10 | AI: 48.7% chance to beat SPY next week | ThesisLiteScore: 8.10/10
2025-12-17 17:21:59,GD,WATCH,Low,49.4,3.3,0.14,-4.13,2.51,1132367,336.54,0,5.0,,,RS 4w vs SPY: -4.13% | RS 1w vs SPY: +0.14% | Trend: below MA20 ⚠️ | Volatility: 2.5% | Labor exposure: 5.0/10 | AI: 49.4% chance to beat SPY next week | ThesisLiteScore: 3.30/10
2025-12-17 17:21:59,GDDY,WATCH,Low,48.9,4.5,2.11,-3.14,2.62,1364998,126.9,0,5.0,,,RS 4w vs SPY: -3.14% | RS 1w vs SPY: +2.11% | Trend: above MA20 ✅ | Volatility: 2.6% | Labor exposure: 5.0/10 | AI: 48.9% chance to beat SPY next week | ThesisLiteScore: 4.50/10
2025-12-17 17:21:59,GE,WATCH,Low,49.5,2.5,-0.86,-0.05,4.12,4887914,295.96,0,5.0,,,RS 4w vs SPY: -0.05% | RS 1w vs SPY: -0.86% | Trend: above MA20 ✅ | Volatility: 4.1% | Labor exposure: 5.0/10 | AI: 49.5% chance to beat SPY next week | ThesisLiteScore: 2.50/10
2025-12-17 17:21:59,GEHC,WATCH,Low,49.0,6.1,-0.59,5.7,4.62,3953495,83.11,0,5.0,,,RS 4w vs SPY: +5.70% | RS 1w vs SPY: -0.59% | Trend: above MA20 ✅ | Volatility: 4.6% | Labor exposure: 5.0/10 | AI: 49.0% chance to beat SPY next week | ThesisLiteScore: 6.10/10
2025-12-17 17:28:35,A,WATCH,Low,49.8,1.3,-0.5,-11.51,3.84,2178562,138.39,0,5.0,RS 4w vs SPY: -11.51% | RS 1w vs SPY: -0.50% | Trend: below MA20 ⚠️ | Volatility: 3.8% | Labor exposure: 5.0/10 | AI: 49.8% chance to beat SPY next week | ThesisLiteScore: 1.30/10
2025-12-17 17:28:35,AAPL,WATCH,Low,49.6,1.3,-1.7,-2.69,2.13,40960260,272.37,0,5.0,RS 4w vs SPY: -2.69% | RS 1w vs SPY: -1.70% | Trend: below MA20 ⚠️ | Volatility: 2.1% | Labor exposure: 5.0/10 | AI: 49.6% chance to beat SPY next week | ThesisLiteScore: 1.30/10
2025-12-17 17:28:35,ABBV,WATCH,Low,49.2,3.3,1.58,-7.4,3.38,5426524,225.91,0,5.0,RS 4w vs SPY: -7.40% | RS 1w vs SPY: +1.58% | Trend: below MA20 ⚠️ | Volatility: 3.4% | Labor exposure: 5.0/10 | AI: 49.2% chance to beat SPY next week | ThesisLiteScore: 3.30/10
2025-12-17 17:28:35,ABNB,WATCH,Low,47.3,8.1,5.55,15.11,3.82,4881230,134.97,0,5.0,RS 4w vs SPY: +15.11% | RS 1w vs SPY: +5.55% | Trend: above MA20 ✅ | Volatility: 3.8% | Labor exposure: 5.0/10 | AI: 47.3% chance to beat SPY next week | ThesisLiteScore: 8.10/10
2025-12-17 17:28:35,ABT,WATCH,Low,48.9,4.5,1.42,-4.1,3.44,6499764,126.71,0,5.0,RS 4w vs SPY: -4.10% | RS 1w vs SPY: +1.42% | Trend: above MA20 ✅ | Volatility: 3.4% | Labor exposure: 5.0/10 | AI: 48.9% chance to beat SPY next week | ThesisLiteScore: 4.50/10
2025-12-17 17:28:35,ACGL,WATCH,Low,48.5,8.1,2.6,0.78,2.09,2062831,95.97,0,5.0,RS 4w vs SPY: +0.78% | RS 1w vs SPY: +2.60% | Trend: above MA20 ✅ | Volatility: 2.1% | Labor exposure: 5.0/10 | AI: 48.5% chance to beat SPY next week | ThesisLiteScore: 8.10/10
2025-12-17 17:28:35,ACN,WATCH,Low,48.4,8.1,2.06,6.58,4.27,3874034,276.0,0,5.0,RS 4w vs SPY: +6.58% | RS 1w vs SPY: +2.06% | Trend: above MA20 ✅ | Volatility: 4.3% | Labor exposure: 5.0/10 | AI: 48.4% chance to beat SPY next week | ThesisLiteScore: 8.10/10
2025-12-17 17:28:35,ADBE,WATCH,Low,48.9,6.1,-0.11,6.35,4.38,4509915,354.52,0,5.0,RS 4w vs SPY: +6.35% | RS 1w vs SPY: -0.11% | Trend: above MA20 ✅ | Volatility: 4.4% | Labor exposure: 5.0/10 | AI: 48.9% chance to beat SPY next week | ThesisLiteScore: 6.10/10
2025-12-17 17:28:35,ADI,WATCH,Low,48.8,6.1,-1.85,14.49,4.58,4232022,272.98,0,5.0,RS 4w vs SPY: +14.49% | RS 1w vs SPY: -1.85% | Trend: above MA20 ✅ | Volatility: 4.6% | Labor exposure: 5.0/10 | AI: 48.8% chance to beat SPY next week | ThesisLiteScore: 6.10/10
2025-12-17 17:28:35,ADM,WATCH,Low,49.7,1.3,-1.7,-2.83,3.88,2712288,58.73,0,5.0,RS 4w vs SPY: -2.83% | RS 1w vs SPY: -1.70% | Trend: below MA20 ⚠️ | Volatility: 3.9% | Labor exposure: 5.0/10 | AI: 49.7% chance to beat SPY next week | ThesisLiteScore: 1.30/10
2025-12-17 17:28:35,ADP,WATCH,Low,49.2,6.46,-1.05,0.56,2.32,2394253,262.17,-2,3.0,RS 4w vs SPY: +0.56% | RS 1w vs SPY: -1.05% | Trend: above MA20 ✅ | Volatility: 2.3% | Labor exposure: 3.0/10 | AI: 49.2% chance to beat SPY next week | ThesisLiteScore: 6.46/10
2025-12-17 17:28:35,ADSK,WATCH,Low,49.3,1.3,-0.43,-1.53,2.45,1707100,295.11,0,5.0,RS 4w vs SPY: -1.53% | RS 1w vs SPY: -0.43% | Trend: below MA20 ⚠️ | Volatility: 2.4% | Labor exposure: 5.0/10 | AI: 49.3% chance to beat SPY next week | ThesisLiteScore: 1.30/10
2025-12-17 17:28:35,AEE,WATCH,Low,49.1,3.3,1.86,-8.62,2.48,1742495,98.67,0,5.0,RS 4w vs SPY: -8.62% | RS 1w vs SPY: +1.86% | Trend: below MA20 ⚠️ | Volatility: 2.5% | Labor exposure: 5.0/10 | AI: 49.1% chance to beat SPY next week | ThesisLiteScore: 3.30/10
2025-12-17 17:28:35,AEP,WATCH,Low,49.3,3.3,1.02,-8.0,2.31,3147116,114.81,0,5.0,RS 4w vs SPY: -8.00% | RS 1w vs SPY: +1.02% | Trend: below MA20 ⚠️ | Volatility: 2.3% | Labor exposure: 5.0/10 | AI: 49.3% chance to beat SPY next week | ThesisLiteScore: 3.30/10
2025-12-17 17:28:35,AES,WATCH,Low,49.7,1.3,-1.46,-4.32,2.54,6751402,13.57,0,5.0,RS 4w vs SPY: -4.32% | RS 1w vs SPY: -1.46% | Trend: below MA20 ⚠️ | Volatility: 2.5% | Labor exposure: 5.0/10 | AI: 49.7% chance to beat SPY next week | ThesisLiteScore: 1.30/10
2025-12-17 17:28:35,AFL,WATCH,Low,49.1,4.5,0.55,-3.72,2.29,2442742,110.19,0,5.0,RS 4w vs SPY: -3.72% | RS 1w vs SPY: +0.55% | Trend: above MA20 ✅ | Volatility: 2.3% | Labor exposure: 5.0/10 | AI: 49.1% chance to beat SPY next week | ThesisLiteScore: 4.50/10
2025-12-17 17:28:35,AIG,WATCH,Low,48.5,8.1,0.78,9.15,3.91,4962554,85.2,0,5.0,RS 4w vs SPY: +9.15% | RS 1w vs SPY: +0.78% | Trend: above MA20 ✅ | Volatility: 3.9% | Labor exposure: 5.0/10 | AI: 48.5% chance to beat SPY next week | ThesisLiteScore: 8.10/10
2025-12-17 17:28:35,AIZ,WATCH,Low,48.3,8.1,3.18,0.87,2.11,287112,235.62,0,5.0,RS 4w vs SPY: +0.87% | RS 1w vs SPY: +3.18% | Trend: above MA20 ✅ | Volatility: 2.1% | Labor exposure: 5.0/10 | AI: 48.3% chance to beat SPY next week | ThesisLiteScore: 8.10/10
2025-12-17 17:28:35,AJG,WATCH,Low,49.3,2.5,-0.37,-2.24,3.64,1574340,253.35,0,5.0,RS 4w vs SPY: -2.24% | RS 1w vs SPY: -0.37% | Trend: above MA20 ✅ | Volatility: 3.6% | Labor exposure: 5.0/10 | AI: 49.3% chance to beat SPY next week | ThesisLiteScore: 2.50/10
2025-12-17 17:28:35,AKAM,WATCH,Low,48.3,4.5,3.73,-3.34,3.6,3471521,88.72,0,5.0,RS 4w vs SPY: -3.34% | RS 1w vs SPY: +3.73% | Trend: above MA20 ✅ | Volatility: 3.6% | Labor exposure: 5.0/10 | AI: 48.3% chance to beat SPY next week | ThesisLiteScore: 4.50/10
2025-12-17 17:28:35,ALB,WATCH,Low,47.6,7.99,3.09,13.65,7.77,3184338,136.28,0,5.0,RS 4w vs SPY: +13.65% | RS 1w vs SPY: +3.09% | Trend: above MA20 ✅ | Volatility: 7.8% | Labor exposure: 5.0/10 | AI: 47.6% chance to beat SPY next week | ThesisLiteScore: 7.99/10
2025-12-17 17:28:35,ALGN,WATCH,Low,49.1,6.1,-2.28,9.9,4.54,1620027,160.96,0,5.0,RS 4w vs SPY: +9.90% | RS 1w vs SPY: -2.28% | Trend: above MA20 ✅ | Volatility: 4.5% | Labor exposure: 5.0/10 | AI: 49.1% chance to beat SPY next week | ThesisLiteScore: 6.10/10
2025-12-17 17:28:35,ALL,WATCH,Low,48.8,6.1,-0.28,10.19,5.0,13959,16.98,0,5.0,RS 4w vs SPY: +10.19% | RS 1w vs SPY: -0.28% | Trend: above MA20 ✅ | Volatility: 5.0% | Labor exposure: 5.0/10 | AI: 48.8% chance to beat SPY next week | ThesisLiteScore: 6.10/10
2025-12-17 17:28:35,ALLE,WATCH,Low,49.4,1.3,-0.04,-4.72,3.24,835230,160.09,0,5.0,RS 4w vs SPY: -4.72% | RS 1w vs SPY: -0.04% | Trend: below MA20 ⚠️ | Volatility: 3.2% | Labor exposure: 5.0/10 | AI: 49.4% chance to beat SPY next week | ThesisLiteScore: 1.30/10
2025-12-17 17:28:35,AMAT,WATCH,Low,49.4,4.87,-2.92,8.84,6.53,6717122,250.54,0,5.0,RS 4w vs SPY: +8.84% | RS 1w vs SPY: -2.92% | Trend: below MA20 ⚠️ | Volatility: 6.5% | Labor exposure: 5.0/10 | AI: 49.4% chance to beat SPY next week | ThesisLiteScore: 4.87/10
2025-12-17 17:28:35,AMCR,WATCH,Low,49.1,3.3,1.58,-5.07,2.41,19917275,8.32,0,5.0,RS 4w vs SPY: -5.07% | RS 1w vs SPY: +1.58% | Trend: below MA20 ⚠️ | Volatility: 2.4% | Labor exposure: 5.0/10 | AI: 49.1% chance to beat SPY next week | ThesisLiteScore: 3.30/10
2025-12-17 17:28:35,AMD,WATCH,Low,50.5,1.25,-4.38,-4.54,6.91,36617242,200.66,0,5.0,RS 4w vs SPY: -4.54% | RS 1w vs SPY: -4.38% | Trend: below MA20 ⚠️ | Volatility: 6.9% | Labor exposure: 5.0/10 | AI: 50.5% chance to beat SPY next week | ThesisLiteScore: 1.25/10
2025-12-17 17:28:35,AME,WATCH,Low,49.3,3.3,0.04,-0.65,4.51,7753,2.6,0,5.0,RS 4w vs SPY: -0.65% | RS 1w vs SPY: +0.04% | Trend: below MA20 ⚠️ | Volatility: 4.5% | Labor exposure: 5.0/10 | AI: 49.3% chance to beat SPY next week | ThesisLiteScore: 3.30/10
2025-12-17 17:28:35,AMGN,WATCH,Low,48.5,3.3,4.1,-5.42,3.62,2751992,329.42,0,5.0,RS 4w vs SPY: -5.42% | RS 1w vs SPY: +4.10% | Trend: below MA20 ⚠️ | Volatility: 3.6% | Labor exposure: 5.0/10 | AI: 48.5% chance to beat SPY next week | ThesisLiteScore: 3.30/10
2025-12-17 17:28:35,AMP,WATCH,Low,49.0,6.1,-0.51,6.25,2.97,580595,489.0,0,5.0,RS 4w vs SPY: +6.25% | RS 1w vs SPY: -0.51% | Trend: above MA20 ✅ | Volatility: 3.0% | Labor exposure: 5.0/10 | AI: 49.0% chance to beat SPY next week | ThesisLiteScore: 6.10/10
2025-12-17 17:28:35,AMT,WATCH,Low,49.2,2.5,-0.12,-2.92,2.47,3170886,179.72,0,5.0,RS 4w vs SPY: -2.92% | RS 1w vs SPY: -0.12% | Trend: above MA20 ✅ | Volatility: 2.5% | Labor exposure: 5.0/10 | AI: 49.2% chance to beat SPY next week | ThesisLiteScore: 2.50/10
2025-12-17 17:28:35,AMZN,WATCH,Low,49.4,1.3,-0.8,-1.77,3.01,39590680,223.43,0,5.0,RS 4w vs SPY: -1.77% | RS 1w vs SPY: -0.80% | Trend: below MA20 ⚠️ | Volatility: 3.0% | Labor exposure: 5.0/10 | AI: 49.4% chance to beat SPY next week | ThesisLiteScore: 1.30/10
2025-12-17 17:28:35,ANET,WATCH,Low,49.6,4.9,-1.27,1.43,5.73,7059035,122.64,0,5.0,RS 4w vs SPY: +1.43% | RS 1w vs SPY: -1.27% | Trend: below MA20 ⚠️ | Volatility: 5.7% | Labor exposure: 5.0/10 | AI: 49.6% chance to beat SPY next week | ThesisLiteScore: 4.90/10
2025-12-17 17:28:35,AON,WATCH,Low,49.1,4.5,0.28,-1.05,2.46,990638,353.29,0,5.0,RS 4w vs SPY: -1.05% | RS 1w vs SPY: +0.28% | Trend: above MA20 ✅ | Volatility: 2.5% | Labor exposure: 5.0/10 | AI: 49.1% chance to beat SPY next week | ThesisLiteScore: 4.50/10
2025-12-17 17:28:35,AOS,WATCH,Low,49.1,6.1,-0.59,1.47,2.88,1373758,68.02,0,5.0,RS 4w vs SPY: +1.47% | RS 1w vs SPY: -0.59% | Trend: above MA20 ✅ | Volatility: 2.9% | Labor exposure: 5.0/10 | AI: 49.1% chance to beat SPY next week | ThesisLiteScore: 6.10/10
2025-12-17 17:28:35,APA,WATCH,Low,49.5,3.3,0.42,-7.73,5.99,323,1.01,0,5.0,RS 4w vs SPY: -7.73% | RS 1w vs SPY: +0.42% | Trend: below MA20 ⚠️ | Volatility: 6.0% | Labor exposure: 5.0/10 | AI: 49.5% chance to beat SPY next week | ThesisLiteScore: 3.30/10
2025-12-17 17:28:35,APD,WATCH,Low,49.2,3.3,1.48,-7.6,5.78,1780832,245.57,0,5.0,RS 4w vs SPY: -7.60% | RS 1w vs SPY: +1.48% | Trend: below MA20 ⚠️ | Volatility: 5.8% | Labor exposure: 5.0/10 | AI: 49.2% chance to beat SPY next week | ThesisLiteScore: 3.30/10
2025-12-17 17:28:35,APH,WATCH,Low,50.0,1.3,-2.07,-7.25,5.7,7758512,126.02,0,5.0,RS 4w vs SPY: -7.25% | RS 1w vs SPY: -2.07% | Trend: below MA20 ⚠️ | Volatility: 5.7% | Labor exposure: 5.0/10 | AI: 50.0% chance to beat SPY next week | ThesisLiteScore: 1.30/10
2025-12-17 17:28:35,APO,WATCH,Low,48.5,8.1,0.36,10.78,3.46,3056451,147.95,0,5.0,RS 4w vs SPY: +10.78% | RS 1w vs SPY: +0.36% | Trend: above MA20 ✅ | Volatility: 3.5% | Labor exposure: 5.0/10 | AI: 48.5% chance to beat SPY next week | ThesisLiteScore: 8.10/10
2025-12-17 17:28:35,APTV,WATCH,Low,49.9,1.3,-2.65,-0.0,4.9,2100227,76.36,0,5.0,RS 4w vs SPY: -0.00% | RS 1w vs SPY: -2.65% | Trend: below MA20 ⚠️ | Volatility: 4.9% | Labor exposure: 5.0/10 | AI: 49.9% chance to beat SPY next week | ThesisLiteScore: 1.30/10
2025-12-17 17:28:35,ARE,WATCH,Low,49.6,3.25,2.01,-9.91,6.9,3064301,47.38,0,5.0,RS 4w vs SPY: -9.91% | RS 1w vs SPY: +2.01% | Trend: below MA20 ⚠️ | Volatility: 6.9% | Labor exposure: 5.0/10 | AI: 49.6% chance to beat SPY next week | ThesisLiteScore: 3.25/10
2025-12-17 17:28:35,ATO,WATCH,Low,62.9,2.02,-34.34,-12.86,13.95,8273,0.18,0,5.0,RS 4w vs SPY: -12.86% | RS 1w vs SPY: -34.34% | Trend: above MA20 ✅ | Volatility: 14.0% | Labor exposure: 5.0/10 | AI: 62.9% chance to beat SPY next week | ThesisLiteScore: 2.02/10
2025-12-17 17:28:35,AVB,WATCH,Low,48.7,4.5,2.19,-3.37,1.96,1052396,180.03,0,5.0,RS 4w vs SPY: -3.37% | RS 1w vs SPY: +2.19% | Trend: above MA20 ✅ | Volatility: 2.0% | Labor exposure: 5.0/10 | AI: 48.7% chance to beat SPY next week | ThesisLiteScore: 4.50/10
2025-12-17 17:28:35,AVGO,WATCH,Low,51.5,1.05,-9.43,-7.63,10.12,34277831,324.48,0,5.0,RS 4w vs SPY: -7.63% | RS 1w vs SPY: -9.43% | Trend: below MA20 ⚠️ | Volatility: 10.1% | Labor exposure: 5.0/10 | AI: 51.5% chance to beat SPY next week | ThesisLiteScore: 1.05/10
2025-12-17 17:28:35,AVY,WATCH,Low,48.7,8.1,1.04,4.78,3.35,753343,183.73,0,5.0,RS 4w vs SPY: +4.78% | RS 1w vs SPY: +1.04% | Trend: above MA20 ✅ | Volatility: 3.4% | Labor exposure: 5.0/10 | AI: 48.7% chance to beat SPY next week | ThesisLiteScore: 8.10/10
2025-12-17 17:28:35,AWK,WATCH,Low,48.7,4.5,2.1,-2.25,2.88,2301614,133.75,0,5.0,RS 4w vs SPY: -2.25% | RS 1w vs SPY: +2.10% | Trend: above MA20 ✅ | Volatility: 2.9% | Labor exposure: 5.0/10 | AI: 48.7% chance to beat SPY next week | ThesisLiteScore: 4.50/10
2025-12-17 17:28:35,AXON,WATCH,Low,49.4,6.1,-0.94,3.61,3.58,762637,556.56,0,5.0,RS 4w vs SPY: +3.61% | RS 1w vs SPY: -0.94% | Trend: above MA20 ✅ | Volatility: 3.6% | Labor exposure: 5.0/10 | AI: 49.4% chance to beat SPY next week | ThesisLiteScore: 6.10/10
2025-12-17 17:28:35,AXP,WATCH,Low,49.1,6.1,-0.8,4.07,3.11,2301007,377.87,0,5.0,RS 4w vs SPY: +4.07% | RS 1w vs SPY: -0.80% | Trend: above MA20 ✅ | Volatility: 3.1% | Labor exposure: 5.0/10 | AI: 49.1% chance to beat SPY next week | ThesisLiteScore: 6.10/10
2025-12-17 17:28:35,AZO,WATCH,Low,49.9,1.3,-0.31,-15.26,4.63,151896,3420.43,0,5.0,RS 4w vs SPY: -15.26% | RS 1w vs SPY: -0.31% | Trend: below MA20 ⚠️ | Volatility: 4.6% | Labor exposure: 5.0/10 | AI: 49.9% chance to beat SPY next week | ThesisLiteScore: 1.30/10
2025-12-17 17:28:35,BA,WATCH,Low,48.1,8.09,2.59,13.19,6.23,9484407,208.81,0,5.0,RS 4w vs SPY: +13.19% | RS 1w vs SPY: +2.59% | Trend: above MA20 ✅ | Volatility: 6.2% | Labor exposure: 5.0/10 | AI: 48.1% chance to beat SPY next week | ThesisLiteScore: 8.09/10
2025-12-17 17:28:35,BAC,WATCH,Low,49.3,3.3,0.42,-3.33,3.85,7184,3.1,0,5.0,RS 4w vs SPY: -3.33% | RS 1w vs SPY: +0.42% | Trend: below MA20 ⚠️ | Volatility: 3.9% | Labor exposure: 5.0/10 | AI: 49.3% chance to beat SPY next week | ThesisLiteScore: 3.30/10
2025-12-17 17:28:35,BALL,WATCH,Low,48.5,8.1,2.79,1.49,3.95,2721343,52.12,0,5.0,RS 4w vs SPY: +1.49% | RS 1w vs SPY: +2.79% | Trend: above MA20 ✅ | Volatility: 4.0% | Labor exposure: 5.0/10 | AI: 48.5% chance to beat SPY next week | ThesisLiteScore: 8.10/10
2025-12-17 17:28:35,BAX,WATCH,Low,48.9,8.1,0.92,2.1,4.65,7990746,19.25,0,5.0,RS 4w vs SPY: +2.10% | RS 1w vs SPY: +0.92% | Trend: above MA20 ✅ | Volatility: 4.7% | Labor exposure: 5.0/10 | AI: 48.9% chance to beat SPY next week | ThesisLiteScore: 8.10/10
2025-12-17 17:28:35,BBY,WATCH,Low,49.8,1.3,-0.9,-8.19,4.59,4763064,72.49,0,5.0,RS 4w vs SPY: -8.19% | RS 1w vs SPY: -0.90% | Trend: below MA20 ⚠️ | Volatility: 4.6% | Labor exposure: 5.0/10 | AI: 49.8% chance to beat SPY next week | ThesisLiteScore: 1.30/10
2025-12-17 17:28:35,BDX,WATCH,Low,48.9,6.1,-0.46,6.18,5.34,54955,627.0,0,5.0,RS 4w vs SPY: +6.18% | RS 1w vs SPY: -0.46% | Trend: above MA20 ✅ | Volatility: 5.3% | Labor exposure: 5.0/10 | AI: 48.9% chance to beat SPY next week | ThesisLiteScore: 6.10/10
2025-12-17 17:28:35,BEN,WATCH,Low,48.5,8.1,1.62,6.58,2.43,3662330,23.76,0,5.0,RS 4w vs SPY: +6.58% | RS 1w vs SPY: +1.62% | Trend: above MA20 ✅ | Volatility: 2.4% | Labor exposure: 5.0/10 | AI: 48.5% chance to beat SPY next week | ThesisLiteScore: 8.10/10
2025-12-17 17:28:35,BF-B,WATCH,Low,50.6,1.3,-6.26,-2.11,4.41,4943578,28.7,0,5.0,RS 4w vs SPY: -2.11% | RS 1w vs SPY: -6.26% | Trend: below MA20 ⚠️ | Volatility: 4.4% | Labor exposure: 5.0/10 | AI: 50.6% chance to beat SPY next week | ThesisLiteScore: 1.30/10
2025-12-17 17:28:35,BG,WATCH,Low,49.3,3.3,0.52,-4.76,3.06,1259500,92.93,0,5.0,RS 4w vs SPY: -4.76% | RS 1w vs SPY: +0.52% | Trend: below MA20 ⚠️ | Volatility: 3.1% | Labor exposure: 5.0/10 | AI: 49.3% chance to beat SPY next week | ThesisLiteScore: 3.30/10
2025-12-17 17:28:35,BIIB,WATCH,Low,49.2,1.3,-0.14,-4.26,3.95,1881595,173.12,0,5.0,RS 4w vs SPY: -4.26% | RS 1w vs SPY: -0.14% | Trend: below MA20 ⚠️ | Volatility: 4.0% | Labor exposure: 5.0/10 | AI: 49.2% chance to beat SPY next week | ThesisLiteScore: 1.30/10
2025-12-17 17:28:35,BK,WATCH,Low,49.4,6.1,-2.26,4.0,2.42,3336374,113.89,0,5.0,RS 4w vs SPY: +4.00% | RS 1w vs SPY: -2.26% | Trend: above MA20 ✅ | Volatility: 2.4% | Labor exposure: 5.0/10 | AI: 49.4% chance to beat SPY next week | ThesisLiteScore: 6.10/10
2025-12-17 17:28:35,BKNG,WATCH,Low,48.3,8.1,1.99,9.92,4.45,294662,5384.56,0,5.0,RS 4w vs SPY: +9.92% | RS 1w vs SPY: +1.99% | Trend: above MA20 ✅ | Volatility: 4.5% | Labor exposure: 5.0/10 | AI: 48.3% chance to beat SPY next week | ThesisLiteScore: 8.10/10
2025-12-17 17:28:35,BKR,WATCH,Low,50.4,1.3,-3.55,-10.95,3.72,6772074,45.0,0,5.0,RS 4w vs SPY: -10.95% | RS 1w vs SPY: -3.55% | Trend: below MA20 ⚠️ | Volatility: 3.7% | Labor exposure: 5.0/10 | AI: 50.4% chance to beat SPY next week | ThesisLiteScore: 1.30/10
2025-12-17 17:28:35,BLDR,WATCH,Low,50.4,1.23,-4.67,-1.7,7.23,1997024,102.95,0,5.0,RS 4w vs SPY: -1.70% | RS 1w vs SPY: -4.67% | Trend: below MA20 ⚠️ | Volatility: 7.2% | Labor exposure: 5.0/10 | AI: 50.4% chance to beat SPY next week | ThesisLiteScore: 1.23/10
2025-12-17 17:28:35,BLK,WATCH,Low,49.2,6.1,-0.88,2.92,3.14,645997,1074.92,0,5.0,RS 4w vs SPY: +2.92% | RS 1w vs SPY: -0.88% | Trend: above MA20 ✅ | Volatility: 3.1% | Labor exposure: 5.0/10 | AI: 49.2% chance to beat SPY next week | ThesisLiteScore: 6.10/10
2025-12-17 17:28:35,BMY,WATCH,Low,47.6,8.1,4.06,14.43,4.55,15081313,54.31,0,5.0,RS 4w vs SPY: +14.43% | RS 1w vs SPY: +4.06% | Trend: above MA20 ✅ | Volatility: 4.5% | Labor exposure: 5.0/10 | AI: 47.6% chance to beat SPY next week | ThesisLiteScore: 8.10/10
2025-12-17 17:28:35,BR,WATCH,Low,49.1,4.5,0.53,-2.17,2.1,668480,230.31,0,5.0,RS 4w vs SPY: -2.17% | RS 1w vs SPY: +0.53% | Trend: above MA20 ✅ | Volatility: 2.1% | Labor exposure: 5.0/10 | AI: 49.1% chance to beat SPY next week | ThesisLiteScore: 4.50/10
2025-12-17 17:28:35,BRK-B,WATCH,Low,49.1,3.3,1.1,-3.24,1.81,4647722,502.88,0,5.0,RS 4w vs SPY: -3.24% | RS 1w vs SPY: +1.10% | Trend: below MA20 ⚠️ | Volatility: 1.8% | Labor exposure: 5.0/10 | AI: 49.1% chance to beat SPY next week | ThesisLiteScore: 3.30/10
2025-12-17 17:28:35,BRO,WATCH,Low,46.6,4.35,11.54,-3.01,8.45,3257,0.1,0,5.0,RS 4w vs SPY: -3.01% | RS 1w vs SPY: +11.54% | Trend: above MA20 ✅ | Volatility: 8.5% | Labor exposure: 5.0/10 | AI: 46.6% chance to beat SPY next week | ThesisLiteScore: 4.35/10
2025-12-17 17:28:35,BSX,WATCH,Low,48.8,3.3,3.08,-4.91,3.52,10067459,95.04,0,5.0,RS 4w vs SPY: -4.91% | RS 1w vs SPY: +3.08% | Trend: below MA20 ⚠️ | Volatility: 3.5% | Labor exposure: 5.0/10 | AI: 48.8% chance to beat SPY next week | ThesisLiteScore: 3.30/10
2025-12-17 17:28:35,BX,WATCH,Low,48.6,8.1,1.56,4.16,3.2,3832966,152.91,0,5.0,RS 4w vs SPY: +4.16% | RS 1w vs SPY: +1.56% | Trend: above MA20 ✅ | Volatility: 3.2% | Labor exposure: 5.0/10 | AI: 48.6% chance to beat SPY next week | ThesisLiteScore: 8.10/10
2025-12-17 17:28:35,BXP,WATCH,Low,49.7,1.3,-1.94,-3.46,2.82,1185850,69.72,0,5.0,RS 4w vs SPY: -3.46% | RS 1w vs SPY: -1.94% | Trend: below MA20 ⚠️ | Volatility: 2.8% | Labor exposure: 5.0/10 | AI: 49.7% chance to beat SPY next week | ThesisLiteScore: 1.30/10
2025-12-17 17:28:35,C,WATCH,Low,48.5,8.1,0.39,10.22,2.64,11547708,111.76,0,5.0,RS 4w vs SPY: +10.22% | RS 1w vs SPY: +0.39% | Trend: above MA20 ✅ | Volatility: 2.6% | Labor exposure: 5.0/10 | AI: 48.5% chance to beat SPY next week | ThesisLiteScore: 8.10/10
2025-12-17 17:28:35,CAG,WATCH,Low,48.8,4.5,1.69,-1.86,2.67,9018438,17.98,0,5.0,RS 4w vs SPY: -1.86% | RS 1w vs SPY: +1.69% | Trend: above MA20 ✅ | Volatility: 2.7% | Labor exposure: 5.0/10 | AI: 48.8% chance to beat SPY next week | ThesisLiteScore: 4.50/10
2025-12-17 17:28:35,CAH,WATCH,Low,49.4,3.3,0.14,-8.67,2.12,2304449,197.62,0,5.0,RS 4w vs SPY: -8.67% | RS 1w vs SPY: +0.14% | Trend: below MA20 ⚠️ | Volatility: 2.1% | Labor exposure: 5.0/10 | AI: 49.4% chance to beat SPY next week | ThesisLiteScore: 3.30/10
2025-12-17 17:28:35,CARR,WATCH,Low,49.6,1.3,-0.85,-3.29,4.25,8488552,52.27,0,5.0,RS 4w vs SPY: -3.29% | RS 1w vs SPY: -0.85% | Trend: below MA20 ⚠️ | Volatility: 4.3% | Labor exposure: 5.0/10 | AI: 49.6% chance to beat SPY next week | ThesisLiteScore: 1.30/10
2025-12-17 17:28:35,CAT,WATCH,Low,50.4,1.3,-5.81,-1.16,4.68,2569474,560.61,0,5.0,RS 4w vs SPY: -1.16% | RS 1w vs SPY: -5.81% | Trend: below MA20 ⚠️ | Volatility: 4.7% | Labor exposure: 5.0/10 | AI: 50.4% chance to beat SPY next week | ThesisLiteScore: 1.30/10
2025-12-17 17:28:35,CB,WATCH,Low,48.6,8.1,1.63,1.65,2.32,1826366,312.18,0,5.0,RS 4w vs SPY: +1.65% | RS 1w vs SPY: +1.63% | Trend: above MA20 ✅ | Volatility: 2.3% | Labor exposure: 5.0/10 | AI: 48.6% chance to beat SPY next week | ThesisLiteScore: 8.10/10
2025-12-17 17:28:35,CBOE,WATCH,Low,49.3,3.3,0.19,-3.07,2.37,701235,252.44,0,5.0,RS 4w vs SPY: -3.07% | RS 1w vs SPY: +0.19% | Trend: below MA20 ⚠️ | Volatility: 2.4% | Labor exposure: 5.0/10 | AI: 49.3% chance to beat SPY next week | ThesisLiteScore: 3.30/10
2025-12-17 17:28:35,CBRE,WATCH,Low,48.9,4.5,0.91,-0.73,3.41,1399277,160.36,0,5.0,RS 4w vs SPY: -0.73% | RS 1w vs SPY: +0.91% | Trend: above MA20 ✅ | Volatility: 3.4% | Labor exposure: 5.0/10 | AI: 48.9% chance to beat SPY next week | ThesisLiteScore: 4.50/10
2025-12-17 17:28:35,CCI,WATCH,Low,49.8,1.3,-1.91,-4.31,2.7,2671117,88.84,0,5.0,RS 4w vs SPY: -4.31% | RS 1w vs SPY: -1.91% | Trend: below MA20 ⚠️ | Volatility: 2.7% | Labor exposure: 5.0/10 | AI: 49.8% chance to beat SPY next week | ThesisLiteScore: 1.30/10
2025-12-17 17:28:35,CCL,WATCH,Low,48.4,8.07,2.8,3.45,6.46,19680644,28.27,0,5.0,RS 4w vs SPY: +3.45% | RS 1w vs SPY: +2.80% | Trend: above MA20 ✅ | Volatility: 6.5% | Labor exposure: 5.0/10 | AI: 48.4% chance to beat SPY next week | ThesisLiteScore: 8.07/10
2025-12-17 17:28:35,CDNS,WATCH,Low,49.8,4.9,-2.73,1.13,4.32,1546748,313.04,0,5.0,RS 4w vs SPY: +1.13% | RS 1w vs SPY: -2.73% | Trend: below MA20 ⚠️ | Volatility: 4.3% | Labor exposure: 5.0/10 | AI: 49.8% chance to beat SPY next week | ThesisLiteScore: 4.90/10
2025-12-17 17:28:35,CDW,WATCH,Low,49.5,1.3,-1.0,-1.11,2.99,1258800,142.87,0,5.0,RS 4w vs SPY: -1.11% | RS 1w vs SPY: -1.00% | Trend: below MA20 ⚠️ | Volatility: 3.0% | Labor exposure: 5.0/10 | AI: 49.5% chance to beat SPY next week | ThesisLiteScore: 1.30/10
2025-12-17 17:28:35,CEG,WATCH,Low,49.9,1.21,-2.58,-2.04,7.45,2246439,341.39,0,5.0,RS 4w vs SPY: -2.04% | RS 1w vs SPY: -2.58% | Trend: below MA20 ⚠️ | Volatility: 7.4% | Labor exposure: 5.0/10 | AI: 49.9% chance to beat SPY next week | ThesisLiteScore: 1.21/10
2025-12-17 17:28:35,CF,WATCH,Low,49.1,4.5,0.46,-2.14,3.53,2386670,79.22,0,5.0,RS 4w vs SPY: -2.14% | RS 1w vs SPY: +0.46% | Trend: above MA20 ✅ | Volatility: 3.5% | Labor exposure: 5.0/10 | AI: 49.1% chance to beat SPY next week | ThesisLiteScore: 4.50/10
2025-12-17 17:28:35,CFG,WATCH,Low,49.7,3.22,0.42,-12.67,7.3,804,1.87,0,5.0,RS 4w vs SPY: -12.67% | RS 1w vs SPY: +0.42% | Trend: below MA20 ⚠️ | Volatility: 7.3% | Labor exposure: 5.0/10 | AI: 49.7% chance to beat SPY next week | ThesisLiteScore: 3.22/10
2025-12-17 17:28:35,CHD,WATCH,Low,48.4,8.1,2.99,0.28,2.93,2549011,86.78,0,5.0,RS 4w vs SPY: +0.28% | RS 1w vs SPY: +2.99% | Trend: above MA20 ✅ | Volatility: 2.9% | Labor exposure: 5.0/10 | AI: 48.4% chance to beat SPY next week | ThesisLiteScore: 8.10/10
2025-12-17 17:28:35,CHRW,WATCH,Low,48.6,8.1,1.47,1.64,3.38,1315038,158.74,0,5.0,RS 4w vs SPY: +1.64% | RS 1w vs SPY: +1.47% | Trend: above MA20 ✅ | Volatility: 3.4% | Labor exposure: 5.0/10 | AI: 48.6% chance to beat SPY next week | ThesisLiteScore: 8.10/10
2025-12-17 17:28:35,CHTR,WATCH,Low,48.7,8.1,2.61,0.99,4.23,1632901,211.12,0,5.0,RS 4w vs SPY: +0.99% | RS 1w vs SPY: +2.61% | Trend: above MA20 ✅ | Volatility: 4.2% | Labor exposure: 5.0/10 | AI: 48.7% chance to beat SPY next week | ThesisLiteScore: 8.10/10
2025-12-17 17:28:35,CI,WATCH,Low,49.1,4.5,0.64,-4.01,3.41,1619815,275.3,0,5.0,RS 4w vs SPY: -4.01% | RS 1w vs SPY: +0.64% | Trend: above MA20 ✅ | Volatility: 3.4% | Labor exposure: 5.0/10 | AI: 49.1% chance to beat SPY next week | ThesisLiteScore: 4.50/10
2025-12-17 17:28:35,CINF,WATCH,Low,49.0,4.5,0.71,-2.82,1.88,505924,166.34,0,5.0,RS 4w vs SPY: -2.82% | RS 1w vs SPY: +0.71% | Trend: above MA20 ✅ | Volatility: 1.9% | Labor exposure: 5.0/10 | AI: 49.0% chance to beat SPY next week | ThesisLiteScore: 4.50/10
2025-12-17 17:28:35,CL,WATCH,Low,48.9,4.5,2.06,-4.63,2.89,5785133,79.62,0,5.0,RS 4w vs SPY: -4.63% | RS 1w vs SPY: +2.06% | Trend: above MA20 ✅ | Volatility: 2.9% | Labor exposure: 5.0/10 | AI: 48.9% chance to beat SPY next week | ThesisLiteScore: 4.50/10
2025-12-17 17:28:35,CLX,WATCH,Low,50.0,1.3,-2.09,-5.44,3.84,2208312,101.39,0,5.0,RS 4w vs SPY: -5.44% | RS 1w vs SPY: -2.09% | Trend: below MA20 ⚠️ | Volatility: 3.8% | Labor exposure: 5.0/10 | AI: 50.0% chance to beat SPY next week | ThesisLiteScore: 1.30/10
2025-12-17 17:28:35,CMCSA,WATCH,Low,46.8,8.1,9.72,5.8,4.69,36036872,29.76,0,5.0,RS 4w vs SPY: +5.80% | RS 1w vs SPY: +9.72% | Trend: above MA20 ✅ | Volatility: 4.7% | Labor exposure: 5.0/10 | AI: 46.8% chance to beat SPY next week | ThesisLiteScore: 8.10/10
2025-12-17 17:28:35,CME,WATCH,Low,49.3,3.3,0.34,-2.93,2.37,1925917,273.31,0,5.0,RS 4w vs SPY: -2.93% | RS 1w vs SPY: +0.34% | Trend: below MA20 ⚠️ | Volatility: 2.4% | Labor exposure: 5.0/10 | AI: 49.3% chance to beat SPY next week | ThesisLiteScore: 3.30/10
2025-12-17 17:28:35,CMG,WATCH,Low,48.0,8.1,3.14,14.35,5.22,18886625,37.12,0,5.0,RS 4w vs SPY: +14.35% | RS 1w vs SPY: +3.14% | Trend: above MA20 ✅ | Volatility: 5.2% | Labor exposure: 5.0/10 | AI: 48.0% chance to beat SPY next week | ThesisLiteScore: 8.10/10
2025-12-17 17:28:35,CMI,WATCH,Low,49.2,3.17,1.35,-3.92,8.09,125,10.9,0,5.0,RS 4w vs SPY: -3.92% | RS 1w vs SPY: +1.35% | Trend: below MA20 ⚠️ | Volatility: 8.1% | Labor exposure: 5.0/10 | AI: 49.2% chance to beat SPY next week | ThesisLiteScore: 3.17/10
2025-12-17 17:28:35,CMS,WATCH,Low,49.4,3.3,0.74,-8.39,2.25,2016140,70.06,0,5.0,RS 4w vs SPY: -8.39% | RS 1w vs SPY: +0.74% | Trend: below MA20 ⚠️ | Volatility: 2.3% | Labor exposure: 5.0/10 | AI: 49.4% chance to beat SPY next week | ThesisLiteScore: 3.30/10
2025-12-17 17:28:35,CNC,WATCH,Low,50.0,6.1,-4.89,2.96,6.01,6979494,38.68,0,5.0,RS 4w vs SPY: +2.96% | RS 1w vs SPY: -4.89% | Trend: above MA20 ✅ | Volatility: 6.0% | Labor exposure: 5.0/10 | AI: 50.0% chance to beat SPY next week | ThesisLiteScore: 6.10/10
2025-12-17 17:28:35,CNP,WATCH,Low,49.2,3.3,1.07,-6.74,2.09,4464991,38.09,0,5.0,RS 4w vs SPY: -6.74% | RS 1w vs SPY: +1.07% | Trend: below MA20 ⚠️ | Volatility: 2.1% | Labor exposure: 5.0/10 | AI: 49.2% chance to beat SPY next week | ThesisLiteScore: 3.30/10
2025-12-17 17:28:35,COF,WATCH,Low,48.4,8.1,0.99,12.07,2.37,3650746,239.22,0,5.0,RS 4w vs SPY: +12.07% | RS 1w vs SPY: +0.99% | Trend: above MA20 ✅ | Volatility: 2.4% | Labor exposure: 5.0/10 | AI: 48.4% chance to beat SPY next week | ThesisLiteScore: 8.10/10
2025-12-17 17:28:35,COIN,WATCH,Low,50.6,4.79,-5.46,1.69,7.85,9007628,251.71,0,5.0,RS 4w vs SPY: +1.69% | RS 1w vs SPY: -5.46% | Trend: below MA20 ⚠️ | Volatility: 7.9% | Labor exposure: 5.0/10 | AI: 50.6% chance to beat SPY next week | ThesisLiteScore: 4.79/10
2025-12-17 17:28:35,COO,WATCH,Low,48.4,8.1,1.59,7.02,5.43,3606031,83.04,0,5.0,RS 4w vs SPY: +7.02% | RS 1w vs SPY: +1.59% | Trend: above MA20 ✅ | Volatility: 5.4% | Labor exposure: 5.0/10 | AI: 48.4% chance to beat SPY next week | ThesisLiteScore: 8.10/10
2025-12-17 17:28:35,COP,WATCH,Low,49.2,6.1,-1.49,4.25,4.12,6710426,93.72,0,5.0,RS 4w vs SPY: +4.25% | RS 1w vs SPY: -1.49% | Trend: above MA20 ✅ | Volatility: 4.1% | Labor exposure: 5.0/10 | AI: 49.2% chance to beat SPY next week | ThesisLiteScore: 6.10/10
2025-12-17 17:28:35,COR,WATCH,Low,51.6,0.9,-4.15,-19.51,12.62,88636,0.33,0,5.0,RS 4w vs SPY: -19.51% | RS 1w vs SPY: -4.15% | Trend: below MA20 ⚠️ | Volatility: 12.6% | Labor exposure: 5.0/10 | AI: 51.6% chance to beat SPY next week | ThesisLiteScore: 0.90/10
2025-12-17 17:28:35,COST,WATCH,Low,49.9,1.3,-1.98,-6.99,2.67,2754506,863.23,0,5.0,RS 4w vs SPY: -6.99% | RS 1w vs SPY: -1.98% | Trend: below MA20 ⚠️ | Volatility: 2.7% | Labor exposure: 5.0/10 | AI: 49.9% chance to beat SPY next week | ThesisLiteScore: 1.30/10
2025-12-17 17:28:35,CPAY,WATCH,Low,49.2,6.1,-1.7,4.11,4.1,560818,309.38,0,5.0,RS 4w vs SPY: +4.11% | RS 1w vs SPY: -1.70% | Trend: above MA20 ✅ | Volatility: 4.1% | Labor exposure: 5.0/10 | AI: 49.2% chance to beat SPY next week | ThesisLiteScore: 6.10/10
2025-12-17 17:28:35,CPB,WATCH,Low,49.4,3.3,1.33,-11.41,4.17,7275139,29.0,0,5.0,RS 4w vs SPY: -11.41% | RS 1w vs SPY: +1.33% | Trend: below MA20 ⚠️ | Volatility: 4.2% | Labor exposure: 5.0/10 | AI: 49.4% chance to beat SPY next week | ThesisLiteScore: 3.30/10
2025-12-17 17:28:35,CPRT,WATCH,Low,49.0,4.5,1.91,-6.66,2.78,8986121,39.24,0,5.0,RS 4w vs SPY: -6.66% | RS 1w vs SPY: +1.91% | Trend: above MA20 ✅ | Volatility: 2.8% | Labor exposure: 5.0/10 | AI: 49.0% chance to beat SPY next week | ThesisLiteScore: 4.50/10
2025-12-17 17:28:35,CPT,WATCH,Low,48.7,4.5,2.16,-2.24,1.93,1415326,106.04,0,5.0,RS 4w vs SPY: -2.24% | RS 1w vs SPY: +2.16% | Trend: above MA20 ✅ | Volatility: 1.9% | Labor exposure: 5.0/10 | AI: 48.7% chance to beat SPY next week | ThesisLiteScore: 4.50/10
2025-12-17 17:28:35,CRL,WATCH,Low,47.9,8.1,3.02,15.13,4.76,778182,198.05,0,5.0,RS 4w vs SPY: +15.13% | RS 1w vs SPY: +3.02% | Trend: above MA20 ✅ | Volatility: 4.8% | Labor exposure: 5.0/10 | AI: 47.9% chance to beat SPY next week | ThesisLiteScore: 8.10/10
2025-12-17 17:28:35,CRM,WATCH,Low,50.0,1.21,-1.47,-9.47,7.55,86373,0.36,0,5.0,RS 4w vs SPY: -9.47% | RS 1w vs SPY: -1.47% | Trend: below MA20 ⚠️ | Volatility: 7.6% | Labor exposure: 5.0/10 | AI: 50.0% chance to beat SPY next week | ThesisLiteScore: 1.21/10
2025-12-17 17:28:35,CRWD,WATCH,Low,50.6,1.3,-5.35,-6.08,4.46,2380672,475.61,0,5.0,RS 4w vs SPY: -6.08% | RS 1w vs SPY: -5.35% | Trend: below MA20 ⚠️ | Volatility: 4.5% | Labor exposure: 5.0/10 | AI: 50.6% chance to beat SPY next week | ThesisLiteScore: 1.30/10
2025-12-17 17:28:35,CSCO,WATCH,Low,49.5,1.3,-1.34,-2.58,2.95,17298348,76.42,0,5.0,RS 4w vs SPY: -2.58% | RS 1w vs SPY: -1.34% | Trend: below MA20 ⚠️ | Volatility: 2.9% | Labor exposure: 5.0/10 | AI: 49.5% chance to beat SPY next week | ThesisLiteScore: 1.30/10
2025-12-17 17:28:35,CSGP,WATCH,Low,50.7,1.3,-5.29,-7.35,4.67,3895485,64.33,0,5.0,RS 4w vs SPY: -7.35% | RS 1w vs SPY: -5.29% | Trend: below MA20 ⚠️ | Volatility: 4.7% | Labor exposure: 5.0/10 | AI: 50.7% chance to beat SPY next week | ThesisLiteScore: 1.30/10
2025-12-17 17:28:35,CSX,WATCH,Low,49.4,6.1,-2.04,3.38,2.41,12073673,36.47,0,5.0,RS 4w vs SPY: +3.38% | RS 1w vs SPY: -2.04% | Trend: above MA20 ✅ | Volatility: 2.4% | Labor exposure: 5.0/10 | AI: 49.4% chance to beat SPY next week | ThesisLiteScore: 6.10/10
2025-12-17 17:28:35,CTAS,WATCH,Low,49.0,4.5,0.63,-1.87,2.3,2014779,187.93,0,5.0,RS 4w vs SPY: -1.87% | RS 1w vs SPY: +0.63% | Trend: above MA20 ✅ | Volatility: 2.3% | Labor exposure: 5.0/10 | AI: 49.0% chance to beat SPY next week | ThesisLiteScore: 4.50/10
2025-12-17 17:28:35,CTRA,WATCH,Low,49.7,1.3,-2.01,-3.48,4.05,6138849,25.63,0,5.0,RS 4w vs SPY: -3.48% | RS 1w vs SPY: -2.01% | Trend: below MA20 ⚠️ | Volatility: 4.1% | Labor exposure: 5.0/10 | AI: 49.7% chance to beat SPY next week | ThesisLiteScore: 1.30/10
2025-12-17 17:28:35,CTSH,WATCH,Low,48.3,8.1,1.41,8.56,3.06,4396383,84.77,0,5.0,RS 4w vs SPY: +8.56% | RS 1w vs SPY: +1.41% | Trend: above MA20 ✅ | Volatility: 3.1% | Labor exposure: 5.0/10 | AI: 48.3% chance to beat SPY next week | ThesisLiteScore: 8.10/10
2025-12-17 17:28:35,CTVA,WATCH,Low,49.3,1.3,-0.11,-2.66,2.29,3693204,65.77,0,5.0,RS 4w vs SPY: -2.66% | RS 1w vs SPY: -0.11% | Trend: below MA20 ⚠️ | Volatility: 2.3% | Labor exposure: 5.0/10 | AI: 49.3% chance to beat SPY next week | ThesisLiteScore: 1.30/10
2025-12-17 17:28:35,CVS,WATCH,Low,49.8,1.3,-2.11,-3.81,3.97,7410006,77.41,0,5.0,RS 4w vs SPY: -3.81% | RS 1w vs SPY: -2.11% | Trend: below MA20 ⚠️ | Volatility: 4.0% | Labor exposure: 5.0/10 | AI: 49.8% chance to beat SPY next week | ThesisLiteScore: 1.30/10
2025-12-17 17:28:35,CVX,WATCH,Low,49.4,1.3,-0.35,-3.78,2.4,8575870,148.83,0,5.0,RS 4w vs SPY: -3.78% | RS 1w vs SPY: -0.35% | Trend: below MA20 ⚠️ | Volatility: 2.4% | Labor exposure: 5.0/10 | AI: 49.4% chance to beat SPY next week | ThesisLiteScore: 1.30/10
2025-12-17 17:28:35,CZR,WATCH,Low,49.0,6.1,-1.59,9.72,5.76,7281353,24.04,0,5.0,RS 4w vs SPY: +9.72% | RS 1w vs SPY: -1.59% | Trend: above MA20 ✅ | Volatility: 5.8% | Labor exposure: 5.0/10 | AI: 49.0% chance to beat SPY next week | ThesisLiteScore: 6.10/10
2025-12-17 17:28:35,D,WATCH,Low,48.8,4.5,2.21,-4.77,2.99,5939253,60.39,0,5.0,RS 4w vs SPY: -4.77% | RS 1w vs SPY: +2.21% | Trend: above MA20 ✅ | Volatility: 3.0% | Labor exposure: 5.0/10 | AI: 48.8% chance to beat SPY next week | ThesisLiteScore: 4.50/10
2025-12-17 17:28:35,DAL,WATCH,Low,47.9,8.1,1.96,18.01,4.19,7910482,70.88,0,5.0,RS 4w vs SPY: +18.01% | RS 1w vs SPY: +1.96% | Trend: above MA20 ✅ | Volatility: 4.2% | Labor exposure: 5.0/10 | AI: 47.9% chance to beat SPY next week | ThesisLiteScore: 8.10/10
2025-12-17 17:28:35,DASH,WATCH,Low,49.0,6.05,-1.37,14.81,6.79,5963325,223.42,0,5.0,RS 4w vs SPY: +14.81% | RS 1w vs SPY: -1.37% | Trend: above MA20 ✅ | Volatility: 6.8% | Labor exposure: 5.0/10 | AI: 49.0% chance to beat SPY next week | ThesisLiteScore: 6.05/10
2025-12-17 17:28:35,DAY,WATCH,Low,49.1,4.5,0.5,-2.34,0.26,3486999,69.31,0,5.0,RS 4w vs SPY: -2.34% | RS 1w vs SPY: +0.50% | Trend: above MA20 ✅ | Volatility: 0.3% | Labor exposure: 5.0/10 | AI: 49.1% chance to beat SPY next week | ThesisLiteScore: 4.50/10
2025-12-17 17:28:35,DD,WATCH,Low,49.0,6.1,-0.41,2.31,3.07,4718653,40.59,0,5.0,RS 4w vs SPY: +2.31% | RS 1w vs SPY: -0.41% | Trend: above MA20 ✅ | Volatility: 3.1% | Labor exposure: 5.0/10 | AI: 49.0% chance to beat SPY next week | ThesisLiteScore: 6.10/10
2025-12-17 17:28:35,DDOG,WATCH,Low,50.9,1.3,-4.63,-15.03,5.04,4088407,138.62,0,5.0,RS 4w vs SPY: -15.03% | RS 1w vs SPY: -4.63% | Trend: below MA20 ⚠️ | Volatility: 5.0% | Labor exposure: 5.0/10 | AI: 50.9% chance to beat SPY next week | ThesisLiteScore: 1.30/10
2025-12-17 17:28:35,DE,WATCH,Low,49.1,4.5,0.49,-3.45,4.18,1712169,485.11,0,5.0,RS 4w vs SPY: -3.45% | RS 1w vs SPY: +0.49% | Trend: above MA20 ✅ | Volatility: 4.2% | Labor exposure: 5.0/10 | AI: 49.1% chance to beat SPY next week | ThesisLiteScore: 4.50/10
2025-12-17 17:28:35,DECK,WATCH,Low,47.8,8.1,2.52,18.34,4.55,3229405,103.31,0,5.0,RS 4w vs SPY: +18.34% | RS 1w vs SPY: +2.52% | Trend: above MA20 ✅ | Volatility: 4.5% | Labor exposure: 5.0/10 | AI: 47.8% chance to beat SPY next week | ThesisLiteScore: 8.10/10
2025-12-17 17:28:35,DELL,WATCH,Low,49.5,4.85,-0.79,1.8,6.8,6987983,128.4,0,5.0,RS 4w vs SPY: +1.80% | RS 1w vs SPY: -0.79% | Trend: below MA20 ⚠️ | Volatility: 6.8% | Labor exposure: 5.0/10 | AI: 49.5% chance to beat SPY next week | ThesisLiteScore: 4.85/10
2025-12-17 17:28:35,DG,WATCH,Low,47.3,7.75,1.4,29.25,8.87,4709462,134.51,-2,6.0,RS 4w vs SPY: +29.25% | RS 1w vs SPY: +1.40% | Trend: above MA20 ✅ | Volatility: 8.9% | Labor exposure: 6.0/10 | AI: 47.3% chance to beat SPY next week | ThesisLiteScore: 7.75/10
2025-12-17 17:28:35,DGX,WATCH,Low,50.1,1.3,-2.24,-10.1,2.81,1040271,177.7,0,5.0,RS 4w vs SPY: -10.10% | RS 1w vs SPY: -2.24% | Trend: below MA20 ⚠️ | Volatility: 2.8% | Labor exposure: 5.0/10 | AI: 50.1% chance to beat SPY next week | ThesisLiteScore: 1.30/10
